Local time,Ask,Bid
22.06.2016 08:00:00.266 GMT+0100,6262.16,6262
22.06.2016 08:00:00.317 GMT+0100,6262.16,6261.16
22.06.2016 08:00:00.421 GMT+0100,6269.04,6268.04
22.06.2016 08:00:00.761 GMT+0100,6269.17,6268.17
22.06.2016 08:00:00.811 GMT+0100,6269.17,6268.3
22.06.2016 08:00:00.869 GMT+0100,6269.17,6268.17
22.06.2016 08:00:01.067 GMT+0100,6271.44,6270.8
22.06.2016 08:00:01.284 GMT+0100,6271.79,6270.8
22.06.2016 08:00:01.471 GMT+0100,6271.79,6271.5
22.06.2016 08:00:01.614 GMT+0100,6271.89,6271.5
22.06.2016 08:00:01.772 GMT+0100,6272.23,6270.89
22.06.2016 08:00:01.873 GMT+0100,6271.88,6269.84
22.06.2016 08:00:02.215 GMT+0100,6272.463,6270.79
22.06.2016 08:00:03.187 GMT+0100,6273.89,6272.89
22.06.2016 08:00:03.528 GMT+0100,6274.863,6273.29
22.06.2016 08:00:03.831 GMT+0100,6275.12,6273.76
22.06.2016 08:00:04.136 GMT+0100,6274.47,6274
22.06.2016 08:00:04.431 GMT+0100,6274.797,6273.29
22.06.2016 08:00:04.583 GMT+0100,6274.29,6273.29
22.06.2016 08:00:04.695 GMT+0100,6274.84,6273.84
22.06.2016 08:00:04.745 GMT+0100,6274.84,6273.84
22.06.2016 08:00:04.840 GMT+0100,6274.84,6273.647
22.06.2016 08:00:05.025 GMT+0100,6272.09,6271.8
22.06.2016 08:00:05.186 GMT+0100,6272.09,6271.3
22.06.2016 08:00:05.236 GMT+0100,6272.09,6271.3
22.06.2016 08:00:05.537 GMT+0100,6271.87,6271.3
22.06.2016 08:00:05.595 GMT+0100,6271.87,6270.87
22.06.2016 08:00:05.646 GMT+0100,6271.87,6271
22.06.2016 08:00:05.905 GMT+0100,6270.947,6269.54
22.06.2016 08:00:06.235 GMT+0100,6271.303,6269.91
22.06.2016 08:00:06.593 GMT+0100,6271.14,6270.14
22.06.2016 08:00:06.944 GMT+0100,6272.297,6270.79
22.06.2016 08:00:07.335 GMT+0100,6272.16,6271.16
22.06.2016 08:00:07.647 GMT+0100,6272.6,6271.2
22.06.2016 08:00:08.215 GMT+0100,6272.14,6271.14
22.06.2016 08:00:08.552 GMT+0100,6274.79,6273.79
22.06.2016 08:00:08.909 GMT+0100,6275.32,6274.32
22.06.2016 08:00:09.210 GMT+0100,6272.823,6271.37
22.06.2016 08:00:09.601 GMT+0100,6273.08,6271.24
22.06.2016 08:00:09.974 GMT+0100,6273.61,6272.61
22.06.2016 08:00:10.353 GMT+0100,6274.397,6272.89
22.06.2016 08:00:10.666 GMT+0100,6274.81,6273.81
22.06.2016 08:00:11.069 GMT+0100,6271.66,6271.5
22.06.2016 08:00:11.407 GMT+0100,6271.14,6270.14
22.06.2016 08:00:11.472 GMT+0100,6271.14,6271
22.06.2016 08:00:11.573 GMT+0100,6271.14,6270.14
22.06.2016 08:00:11.673 GMT+0100,6269.32,6269
22.06.2016 08:00:11.845 GMT+0100,6269.263,6267.79
22.06.2016 08:00:12.175 GMT+0100,6269.12,6268.12
22.06.2016 08:00:12.639 GMT+0100,6269.63,6268.29
22.06.2016 08:00:12.985 GMT+0100,6270.197,6268.59
22.06.2016 08:00:13.426 GMT+0100,6270.697,6269.09
22.06.2016 08:00:13.825 GMT+0100,6271.47,6270.11
22.06.2016 08:00:14.155 GMT+0100,6271.13,6270.8
22.06.2016 08:00:14.375 GMT+0100,6271.74,6270.8
22.06.2016 08:00:14.520 GMT+0100,6271.74,6271.5
22.06.2016 08:00:14.815 GMT+0100,6271.76,6271.5
22.06.2016 08:00:15.223 GMT+0100,6272.187,6270.76
22.06.2016 08:00:15.274 GMT+0100,6272.167,6270.7
22.06.2016 08:00:15.585 GMT+0100,6272.573,6270.92
22.06.2016 08:00:15.931 GMT+0100,6272.67,6271.67
22.06.2016 08:00:16.354 GMT+0100,6271.64,6271.5
22.06.2016 08:00:16.723 GMT+0100,6271.83,6270.49
22.06.2016 08:00:16.930 GMT+0100,6271.49,6270.5
22.06.2016 08:00:17.232 GMT+0100,6271.49,6271
22.06.2016 08:00:17.395 GMT+0100,6271.49,6270.43
22.06.2016 08:00:17.734 GMT+0100,6271.49,6270.49
22.06.2016 08:00:17.797 GMT+0100,6271.49,6269.83
22.06.2016 08:00:18.099 GMT+0100,6271.49,6270.4
22.06.2016 08:00:18.400 GMT+0100,6271.49,6269.997
22.06.2016 08:00:19.202 GMT+0100,6271.49,6270.49
22.06.2016 08:00:19.540 GMT+0100,6271.49,6270.4
22.06.2016 08:00:20.205 GMT+0100,6271.49,6270.5
22.06.2016 08:00:20.312 GMT+0100,6271.49,6270.49
22.06.2016 08:00:20.405 GMT+0100,6271.49,6270.5
22.06.2016 08:00:20.543 GMT+0100,6271.49,6270.5
22.06.2016 08:00:21.408 GMT+0100,6271.49,6270.49
22.06.2016 08:00:21.509 GMT+0100,6271.49,6270.997
22.06.2016 08:00:21.559 GMT+0100,6271.49,6271
22.06.2016 08:00:22.311 GMT+0100,6271.49,6270.5
22.06.2016 08:00:22.412 GMT+0100,6271.49,6270.8
22.06.2016 08:00:22.913 GMT+0100,6271.49,6271
22.06.2016 08:00:23.105 GMT+0100,6271.49,6271
22.06.2016 08:00:23.314 GMT+0100,6271.49,6270.8
22.06.2016 08:00:23.516 GMT+0100,6271.49,6270.5
22.06.2016 08:00:23.621 GMT+0100,6271.49,6270.49
22.06.2016 08:00:25.921 GMT+0100,6271.49,6270.43
22.06.2016 08:00:26.272 GMT+0100,6271.49,6270.4
22.06.2016 08:00:26.323 GMT+0100,6271.49,6268.5
22.06.2016 08:00:26.374 GMT+0100,6271.49,6268.8
22.06.2016 08:00:26.424 GMT+0100,6271.49,6269
22.06.2016 08:00:26.870 GMT+0100,6271.49,6269.5
22.06.2016 08:00:27.273 GMT+0100,6271.49,6270.3
22.06.2016 08:00:27.429 GMT+0100,6271.49,6271
22.06.2016 08:00:27.530 GMT+0100,6272.5,6271.5
22.06.2016 08:00:27.977 GMT+0100,6272.5,6271.5
22.06.2016 08:00:28.881 GMT+0100,6272.5,6271.5
22.06.2016 08:00:28.934 GMT+0100,6272.8,6271.8
22.06.2016 08:00:29.383 GMT+0100,6273,6272
22.06.2016 08:00:29.926 GMT+0100,6273.5,6272.5
22.06.2016 08:00:30.237 GMT+0100,6273.1,6273
22.06.2016 08:00:30.338 GMT+0100,6273.5,6272.5
22.06.2016 08:00:31.793 GMT+0100,6273.5,6272.5
22.06.2016 08:00:31.944 GMT+0100,6273.3,6273
22.06.2016 08:00:32.302 GMT+0100,6273.5,6273
22.06.2016 08:00:33.399 GMT+0100,6274,6273
22.06.2016 08:00:33.901 GMT+0100,6273.5,6273
22.06.2016 08:00:34.024 GMT+0100,6274,6272.163
22.06.2016 08:00:34.149 GMT+0100,6273,6272
22.06.2016 08:00:34.504 GMT+0100,6273.5,6272.5
22.06.2016 08:00:34.851 GMT+0100,6273,6272
22.06.2016 08:00:35.005 GMT+0100,6273,6272
22.06.2016 08:00:36.109 GMT+0100,6273,6271.163
22.06.2016 08:00:36.160 GMT+0100,6270.8,6269.8
22.06.2016 08:00:36.558 GMT+0100,6271.5,6270.5
22.06.2016 08:00:36.811 GMT+0100,6271.5,6270.5
22.06.2016 08:00:37.415 GMT+0100,6271.5,6270.8
22.06.2016 08:00:37.562 GMT+0100,6273,6271.597
22.06.2016 08:00:37.663 GMT+0100,6271.8,6270.8
22.06.2016 08:00:37.972 GMT+0100,6272,6271
22.06.2016 08:00:38.425 GMT+0100,6272.3,6271.263
22.06.2016 08:00:38.567 GMT+0100,6272,6271
22.06.2016 08:00:40.631 GMT+0100,6272,6271
22.06.2016 08:00:40.682 GMT+0100,6270.48,6269.8
22.06.2016 08:00:40.884 GMT+0100,6268.627,6267.28
22.06.2016 08:00:41.027 GMT+0100,6268.28,6267.5
22.06.2016 08:00:41.434 GMT+0100,6267.57,6267.47
22.06.2016 08:00:41.731 GMT+0100,6267.57,6266.57
22.06.2016 08:00:41.881 GMT+0100,6267.57,6267
22.06.2016 08:00:42.314 GMT+0100,6266.8,6266.5
22.06.2016 08:00:42.365 GMT+0100,6267.1,6265.8
22.06.2016 08:00:42.534 GMT+0100,6267.08,6266.08
22.06.2016 08:00:43.086 GMT+0100,6267.14,6266.14
22.06.2016 08:00:43.414 GMT+0100,6267.24,6266.24
22.06.2016 08:00:43.949 GMT+0100,6268.02,6266.26
22.06.2016 08:00:44.288 GMT+0100,6267.9,6266.2
22.06.2016 08:00:44.954 GMT+0100,6267.8,6266.4
22.06.2016 08:00:45.394 GMT+0100,6267.743,6266.23
22.06.2016 08:00:45.792 GMT+0100,6267.23,6267
22.06.2016 08:00:45.893 GMT+0100,6266.7,6265.7
22.06.2016 08:00:45.956 GMT+0100,6266.7,6266.3
22.06.2016 08:00:46.273 GMT+0100,6266.74,6266.3
22.06.2016 08:00:46.458 GMT+0100,6266.74,6266
22.06.2016 08:00:46.509 GMT+0100,6266.74,6266.5
22.06.2016 08:00:46.659 GMT+0100,6266.15,6265.15
22.06.2016 08:00:46.876 GMT+0100,6266.1,6265.1
22.06.2016 08:00:46.927 GMT+0100,6266.1,6265.8
22.06.2016 08:00:47.154 GMT+0100,6265.28,6265
22.06.2016 08:00:47.374 GMT+0100,6265.823,6264.47
22.06.2016 08:00:47.704 GMT+0100,6265.8,6264.4
22.06.2016 08:00:48.144 GMT+0100,6265.627,6264.28
22.06.2016 08:00:48.804 GMT+0100,6265.15,6265
22.06.2016 08:00:49.134 GMT+0100,6265.1,6265
22.06.2016 08:00:49.354 GMT+0100,6265.15,6265
22.06.2016 08:00:49.683 GMT+0100,6265.2,6265
22.06.2016 08:00:50.014 GMT+0100,6265.28,6265
22.06.2016 08:00:50.234 GMT+0100,6265.11,6265
22.06.2016 08:00:50.372 GMT+0100,6265.11,6264.11
22.06.2016 08:00:50.453 GMT+0100,6265.03,6264.03
22.06.2016 08:00:50.514 GMT+0100,6265.03,6264.5
22.06.2016 08:00:50.816 GMT+0100,6265.03,6264.3
22.06.2016 08:00:50.874 GMT+0100,6265.03,6264.3
22.06.2016 08:00:51.114 GMT+0100,6264.107,6262.72
22.06.2016 08:00:51.381 GMT+0100,6263.72,6263.5
22.06.2016 08:00:51.444 GMT+0100,6263.917,6262.45
22.06.2016 08:00:51.773 GMT+0100,6263.5,6262.5
22.06.2016 08:00:52.324 GMT+0100,6264.083,6262.65
22.06.2016 08:00:52.660 GMT+0100,6264.11,6262.73
22.06.2016 08:00:53.024 GMT+0100,6264.15,6262.65
22.06.2016 08:00:53.391 GMT+0100,6264.14,6264
22.06.2016 08:00:53.864 GMT+0100,6264.22,6264
22.06.2016 08:00:54.084 GMT+0100,6264.2,6264
22.06.2016 08:00:54.303 GMT+0100,6264.26,6264
22.06.2016 08:00:55.108 GMT+0100,6264.2,6264
22.06.2016 08:00:55.390 GMT+0100,6263.53,6262.53
22.06.2016 08:00:55.539 GMT+0100,6263.53,6263
22.06.2016 08:00:55.691 GMT+0100,6262.78,6261.78
22.06.2016 08:00:55.892 GMT+0100,6262.78,6262.3
22.06.2016 08:00:56.173 GMT+0100,6262.527,6260.78
22.06.2016 08:00:56.394 GMT+0100,6262.6,6262.5
22.06.2016 08:00:56.895 GMT+0100,6263.01,6261.53
22.06.2016 08:00:57.054 GMT+0100,6263.217,6261.65
22.06.2016 08:00:57.398 GMT+0100,6263.483,6262.15
22.06.2016 08:00:57.714 GMT+0100,6263.7,6262.7
22.06.2016 08:00:58.044 GMT+0100,6263.73,6262.73
22.06.2016 08:00:58.501 GMT+0100,6263.73,6263.3
22.06.2016 08:00:58.880 GMT+0100,6263.7,6263
22.06.2016 08:00:58.947 GMT+0100,6262.91,6262.5
22.06.2016 08:00:59.615 GMT+0100,6262.59,6262.3
22.06.2016 08:00:59.715 GMT+0100,6262.59,6261.59
22.06.2016 08:00:59.771 GMT+0100,6262.6,6262.363
22.06.2016 08:00:59.821 GMT+0100,6262.08,6261.5
22.06.2016 08:00:59.872 GMT+0100,6262.1,6262
22.06.2016 08:01:00.072 GMT+0100,6262.08,6261.5
22.06.2016 08:01:00.134 GMT+0100,6261.667,6261.4
22.06.2016 08:01:00.353 GMT+0100,6261,6260.8
22.06.2016 08:01:00.826 GMT+0100,6260.86,6260.76
22.06.2016 08:01:01.013 GMT+0100,6260.92,6260.8
22.06.2016 08:01:01.221 GMT+0100,6260.92,6260
22.06.2016 08:01:01.277 GMT+0100,6260.92,6260.723
22.06.2016 08:01:01.393 GMT+0100,6260.91,6260.5
22.06.2016 08:01:01.564 GMT+0100,6260.3,6258.9
22.06.2016 08:01:01.729 GMT+0100,6259.9,6259.5
22.06.2016 08:01:01.784 GMT+0100,6259.8,6258.4
22.06.2016 08:01:02.003 GMT+0100,6259.56,6258.56
22.06.2016 08:01:02.307 GMT+0100,6259.6,6259.5
22.06.2016 08:01:02.357 GMT+0100,6259.45,6259
22.06.2016 08:01:02.583 GMT+0100,6259.45,6259.3
22.06.2016 08:01:02.784 GMT+0100,6259.45,6258.8
22.06.2016 08:01:02.883 GMT+0100,6258.44,6258.3
22.06.2016 08:01:03.135 GMT+0100,6258.2,6257.5
22.06.2016 08:01:03.286 GMT+0100,6258.2,6257.8
22.06.2016 08:01:03.689 GMT+0100,6257.7,6257.5
22.06.2016 08:01:03.763 GMT+0100,6257.773,6256.32
22.06.2016 08:01:04.136 GMT+0100,6257.32,6257
22.06.2016 08:01:04.643 GMT+0100,6257.14,6257
22.06.2016 08:01:04.864 GMT+0100,6257.24,6257
22.06.2016 08:01:04.966 GMT+0100,6257.68,6256.24
22.06.2016 08:01:05.193 GMT+0100,6257.897,6255.89
22.06.2016 08:01:05.598 GMT+0100,6257.9,6257.8
22.06.2016 08:01:05.743 GMT+0100,6257.74,6257.3
22.06.2016 08:01:05.908 GMT+0100,6257.58,6256.14
22.06.2016 08:01:05.959 GMT+0100,6257.14,6257
22.06.2016 08:01:06.301 GMT+0100,6257.07,6256.97
22.06.2016 08:01:06.403 GMT+0100,6257.25,6255.95
22.06.2016 08:01:06.453 GMT+0100,6256.95,6256.8
22.06.2016 08:01:06.946 GMT+0100,6256.89,6256.5
22.06.2016 08:01:07.252 GMT+0100,6257.297,6255.89
22.06.2016 08:01:07.393 GMT+0100,6257.79,6256.37
22.06.2016 08:01:07.723 GMT+0100,6257.813,6256.44
22.06.2016 08:01:08.163 GMT+0100,6257.8,6256.4
22.06.2016 08:01:08.603 GMT+0100,6257.5,6256.5
22.06.2016 08:01:09.010 GMT+0100,6257.54,6257.3
22.06.2016 08:01:09.060 GMT+0100,6257.587,6256.16
22.06.2016 08:01:09.355 GMT+0100,6257.16,6256.8
22.06.2016 08:01:09.406 GMT+0100,6257.41,6256.8
22.06.2016 08:01:09.519 GMT+0100,6257.41,6257.3
22.06.2016 08:01:09.813 GMT+0100,6257.08,6255.64
22.06.2016 08:01:09.864 GMT+0100,6256.64,6256.3
22.06.2016 08:01:10.058 GMT+0100,6256.64,6255.64
22.06.2016 08:01:10.143 GMT+0100,6256.37,6255.5
22.06.2016 08:01:10.224 GMT+0100,6256.37,6256
22.06.2016 08:01:11.021 GMT+0100,6255.57,6255.47
22.06.2016 08:01:11.353 GMT+0100,6255.817,6254.45
22.06.2016 08:01:11.615 GMT+0100,6255.923,6254.47
22.06.2016 08:01:12.014 GMT+0100,6256.22,6255.22
22.06.2016 08:01:12.380 GMT+0100,6255.95,6254.95
22.06.2016 08:01:12.783 GMT+0100,6256.06,6255.96
22.06.2016 08:01:13.069 GMT+0100,6256.06,6255.8
22.06.2016 08:01:13.119 GMT+0100,6255.91,6255.8
22.06.2016 08:01:13.383 GMT+0100,6255.94,6255.8
22.06.2016 08:01:13.579 GMT+0100,6256.313,6254.94
22.06.2016 08:01:13.663 GMT+0100,6256.04,6255.04
22.06.2016 08:01:14.072 GMT+0100,6256.453,6255.06
22.06.2016 08:01:14.537 GMT+0100,6256.63,6255.09
22.06.2016 08:01:14.855 GMT+0100,6257.427,6255.98
22.06.2016 08:01:15.239 GMT+0100,6257.11,6256.11
22.06.2016 08:01:15.583 GMT+0100,6257.423,6255.97
22.06.2016 08:01:15.940 GMT+0100,6257.403,6256.11
22.06.2016 08:01:16.242 GMT+0100,6258.007,6255.92
22.06.2016 08:01:16.591 GMT+0100,6258.733,6257.2
22.06.2016 08:01:16.904 GMT+0100,6258.64,6257.64
22.06.2016 08:01:17.386 GMT+0100,6258.64,6257.64
22.06.2016 08:01:17.642 GMT+0100,6257.327,6255.98
22.06.2016 08:01:17.843 GMT+0100,6257.313,6255.94
22.06.2016 08:01:18.173 GMT+0100,6256.82,6255.46
22.06.2016 08:01:18.511 GMT+0100,6257.18,6255.54
22.06.2016 08:01:19.292 GMT+0100,6256.9,6256.8
22.06.2016 08:01:19.433 GMT+0100,6256.85,6256
22.06.2016 08:01:19.556 GMT+0100,6256.85,6256.5
22.06.2016 08:01:19.758 GMT+0100,6256.76,6256
22.06.2016 08:01:19.809 GMT+0100,6256.76,6256
22.06.2016 08:01:19.859 GMT+0100,6255.4,6255
22.06.2016 08:01:20.153 GMT+0100,6255.26,6255
22.06.2016 08:01:20.703 GMT+0100,6255.29,6255
22.06.2016 08:01:20.813 GMT+0100,6255.35,6255
22.06.2016 08:01:21.208 GMT+0100,6255.4,6255.3
22.06.2016 08:01:21.364 GMT+0100,6255.73,6255.3
22.06.2016 08:01:21.715 GMT+0100,6256.17,6256
22.06.2016 08:01:21.913 GMT+0100,6256.24,6256
22.06.2016 08:01:22.006 GMT+0100,6257.013,6255.24
22.06.2016 08:01:22.243 GMT+0100,6257.983,6256.35
22.06.2016 08:01:22.591 GMT+0100,6257.87,6256.87
22.06.2016 08:01:22.903 GMT+0100,6257.84,6256.84
22.06.2016 08:01:23.233 GMT+0100,6257.473,6256.12
22.06.2016 08:01:23.673 GMT+0100,6257.167,6257
22.06.2016 08:01:23.783 GMT+0100,6257.153,6255.96
22.06.2016 08:01:24.003 GMT+0100,6257.027,6255.58
22.06.2016 08:01:24.332 GMT+0100,6256.62,6256.5
22.06.2016 08:01:25.102 GMT+0100,6256.57,6256.47
22.06.2016 08:01:25.873 GMT+0100,6256.5,6256.4
22.06.2016 08:01:26.202 GMT+0100,6256.57,6256.47
22.06.2016 08:01:26.420 GMT+0100,6256.957,6255.57
22.06.2016 08:01:26.643 GMT+0100,6257.11,6256.11
22.06.2016 08:01:26.980 GMT+0100,6257.15,6256.15
22.06.2016 08:01:27.413 GMT+0100,6257.01,6255.73
22.06.2016 08:01:27.900 GMT+0100,6256.62,6256.5
22.06.2016 08:01:28.025 GMT+0100,6257.04,6255.62
22.06.2016 08:01:28.075 GMT+0100,6257.067,6255.7
22.06.2016 08:01:28.402 GMT+0100,6257.04,6256.04
22.06.2016 08:01:29.172 GMT+0100,6257.03,6256.03
22.06.2016 08:01:29.723 GMT+0100,6257.12,6256.12
22.06.2016 08:01:30.054 GMT+0100,6257.07,6256.8
22.06.2016 08:01:30.104 GMT+0100,6257.07,6256.5
22.06.2016 08:01:30.188 GMT+0100,6257.07,6256.8
22.06.2016 08:01:30.378 GMT+0100,6256.79,6255.37
22.06.2016 08:01:30.540 GMT+0100,6256.33,6256
22.06.2016 08:01:32.590 GMT+0100,6256.2,6256
22.06.2016 08:01:33.243 GMT+0100,6256.5,6255.2
22.06.2016 08:01:33.293 GMT+0100,6256.49,6255.17
22.06.2016 08:01:33.747 GMT+0100,6256.17,6256
22.06.2016 08:01:34.648 GMT+0100,6256.17,6255.8
22.06.2016 08:01:34.782 GMT+0100,6256.08,6255.8
22.06.2016 08:01:35.150 GMT+0100,6255.9,6255.5
22.06.2016 08:01:35.689 GMT+0100,6255.9,6255.8
22.06.2016 08:01:36.154 GMT+0100,6256.3,6254.9
22.06.2016 08:01:36.212 GMT+0100,6256.2,6255.2
22.06.2016 08:01:36.656 GMT+0100,6256.2,6255.5
22.06.2016 08:01:36.982 GMT+0100,6255.52,6255.42
22.06.2016 08:01:37.312 GMT+0100,6255.87,6255.5
22.06.2016 08:01:37.753 GMT+0100,6255.88,6255.5
22.06.2016 08:01:37.926 GMT+0100,6255.9,6255.8
22.06.2016 08:01:38.082 GMT+0100,6256.1,6254.7
22.06.2016 08:01:38.302 GMT+0100,6255.88,6254.88
22.06.2016 08:01:38.861 GMT+0100,6255.9,6255.8
22.06.2016 08:01:39.072 GMT+0100,6255.96,6255.8
22.06.2016 08:01:39.292 GMT+0100,6255.95,6255.8
22.06.2016 08:01:39.370 GMT+0100,6256.317,6254.95
22.06.2016 08:01:39.512 GMT+0100,6256.03,6255.03
22.06.2016 08:01:39.964 GMT+0100,6256.03,6255.8
22.06.2016 08:01:40.266 GMT+0100,6256.1,6256
22.06.2016 08:01:40.412 GMT+0100,6256,6255.3
22.06.2016 08:01:40.612 GMT+0100,6255.127,6253.78
22.06.2016 08:01:40.832 GMT+0100,6255.21,6253.83
22.06.2016 08:01:41.272 GMT+0100,6255.29,6253.87
22.06.2016 08:01:41.750 GMT+0100,6255.33,6253.99
22.06.2016 08:01:42.066 GMT+0100,6254.92,6254.8
22.06.2016 08:01:42.372 GMT+0100,6254.89,6254.79
22.06.2016 08:01:42.422 GMT+0100,6255.63,6253.89
22.06.2016 08:01:42.879 GMT+0100,6254.9,6254.8
22.06.2016 08:01:42.929 GMT+0100,6255.46,6254.8
22.06.2016 08:01:43.030 GMT+0100,6255.46,6255.3
22.06.2016 08:01:43.422 GMT+0100,6254.87,6254.77
22.06.2016 08:01:43.473 GMT+0100,6255.1,6253.7
22.06.2016 08:01:43.802 GMT+0100,6255.063,6253.59
22.06.2016 08:01:44.325 GMT+0100,6254.43,6254.3
22.06.2016 08:01:44.485 GMT+0100,6254.89,6253.37
22.06.2016 08:01:44.586 GMT+0100,6254.933,6253.2
22.06.2016 08:01:45.037 GMT+0100,6255.817,6254.45
22.06.2016 08:01:45.440 GMT+0100,6255.65,6254.65
22.06.2016 08:01:45.782 GMT+0100,6255.723,6254.37
22.06.2016 08:01:46.434 GMT+0100,6255.233,6255
22.06.2016 08:01:46.554 GMT+0100,6254.827,6253.48
22.06.2016 08:01:46.772 GMT+0100,6254.7,6253.7
22.06.2016 08:01:47.102 GMT+0100,6254.53,6254.43
22.06.2016 08:01:47.238 GMT+0100,6254.53,6254
22.06.2016 08:01:47.322 GMT+0100,6254.46,6254
22.06.2016 08:01:47.549 GMT+0100,6254.627,6253.28
22.06.2016 08:01:47.920 GMT+0100,6254.41,6253.41
22.06.2016 08:01:48.476 GMT+0100,6254.28,6254
22.06.2016 08:01:48.527 GMT+0100,6254.26,6252.98
22.06.2016 08:01:48.642 GMT+0100,6254.277,6252.83
22.06.2016 08:01:49.007 GMT+0100,6253.83,6253.5
22.06.2016 08:01:49.476 GMT+0100,6253.75,6253.5
22.06.2016 08:01:49.526 GMT+0100,6253.99,6252.37
22.06.2016 08:01:49.632 GMT+0100,6254.063,6252.59
22.06.2016 08:01:50.012 GMT+0100,6253.6,6253.5
22.06.2016 08:01:50.359 GMT+0100,6253.693,6253.5
22.06.2016 08:01:50.410 GMT+0100,6253.51,6252.03
22.06.2016 08:01:50.577 GMT+0100,6253.03,6252.8
22.06.2016 08:01:50.628 GMT+0100,6253.077,6251.63
22.06.2016 08:01:51.231 GMT+0100,6252.63,6252.5
22.06.2016 08:01:51.636 GMT+0100,6252.82,6251.46
22.06.2016 08:01:52.493 GMT+0100,6252.5,6251.5
22.06.2016 08:01:52.932 GMT+0100,6253.31,6252.31
22.06.2016 08:01:53.393 GMT+0100,6253.08,6252.08
22.06.2016 08:01:53.832 GMT+0100,6253.18,6252.18
22.06.2016 08:01:53.922 GMT+0100,6252.72,6251.8
22.06.2016 08:01:53.972 GMT+0100,6252.72,6252
22.06.2016 08:01:54.334 GMT+0100,6252.277,6250.83
22.06.2016 08:01:54.435 GMT+0100,6251.9,6251.8
22.06.2016 08:01:54.485 GMT+0100,6252.06,6251.8
22.06.2016 08:01:54.574 GMT+0100,6252.12,6252
22.06.2016 08:01:54.674 GMT+0100,6252.06,6251.8
22.06.2016 08:01:54.725 GMT+0100,6251.843,6249.93
22.06.2016 08:01:54.912 GMT+0100,6252.26,6251.26
22.06.2016 08:01:55.242 GMT+0100,6252.79,6251.37
22.06.2016 08:01:55.549 GMT+0100,6253.76,6251.78
22.06.2016 08:01:56.053 GMT+0100,6253.72,6252.16
22.06.2016 08:01:56.392 GMT+0100,6253.517,6252.25
22.06.2016 08:01:56.748 GMT+0100,6253.74,6252.12
22.06.2016 08:01:57.086 GMT+0100,6254.853,6251.96
22.06.2016 08:01:57.388 GMT+0100,6256.127,6254.28
22.06.2016 08:01:57.714 GMT+0100,6256.46,6255.46
22.06.2016 08:01:58.293 GMT+0100,6256.13,6256
22.06.2016 08:01:58.433 GMT+0100,6256.16,6256
22.06.2016 08:01:58.653 GMT+0100,6255.927,6253.78
22.06.2016 08:01:59.318 GMT+0100,6256.843,6255.23
22.06.2016 08:01:59.699 GMT+0100,6257.767,6256.2
22.06.2016 08:02:00.001 GMT+0100,6258.123,6256.37
22.06.2016 08:02:00.326 GMT+0100,6258.957,6257.57
22.06.2016 08:02:00.656 GMT+0100,6258.73,6258.5
22.06.2016 08:02:00.710 GMT+0100,6258.73,6258.3
22.06.2016 08:02:00.962 GMT+0100,6258.127,6256.78
22.06.2016 08:02:01.183 GMT+0100,6258.76,6257.48
22.06.2016 08:02:01.511 GMT+0100,6258.48,6258.3
22.06.2016 08:02:01.561 GMT+0100,6258.523,6256.97
22.06.2016 08:02:01.773 GMT+0100,6258.42,6257.42
22.06.2016 08:02:02.212 GMT+0100,6258.87,6257.87
22.06.2016 08:02:02.542 GMT+0100,6258.83,6258
22.06.2016 08:02:02.733 GMT+0100,6258.83,6257.643
22.06.2016 08:02:02.783 GMT+0100,6257.73,6256.8
22.06.2016 08:02:03.185 GMT+0100,6257.66,6257.5
22.06.2016 08:02:03.235 GMT+0100,6257.82,6256.46
22.06.2016 08:02:03.588 GMT+0100,6257.46,6256.8
22.06.2016 08:02:03.689 GMT+0100,6257.66,6256.8
22.06.2016 08:02:03.739 GMT+0100,6257.66,6257.3
22.06.2016 08:02:04.089 GMT+0100,6257.66,6257.5
22.06.2016 08:02:04.423 GMT+0100,6257.12,6257
22.06.2016 08:02:04.592 GMT+0100,6257.707,6256.12
22.06.2016 08:02:04.642 GMT+0100,6257.63,6256.63
22.06.2016 08:02:05.025 GMT+0100,6257.67,6256.67
22.06.2016 08:02:05.401 GMT+0100,6257.53,6256.53
22.06.2016 08:02:05.897 GMT+0100,6257.963,6256.59
22.06.2016 08:02:06.441 GMT+0100,6258.733,6257.2
22.06.2016 08:02:07.162 GMT+0100,6259.823,6258.47
22.06.2016 08:02:07.910 GMT+0100,6259.47,6259
22.06.2016 08:02:08.240 GMT+0100,6259.47,6258.5
22.06.2016 08:02:08.620 GMT+0100,6259.47,6258.5
22.06.2016 08:02:08.670 GMT+0100,6259.47,6259
22.06.2016 08:02:08.855 GMT+0100,6259.47,6258.8
22.06.2016 08:02:09.156 GMT+0100,6259.47,6259
22.06.2016 08:02:10.015 GMT+0100,6259.47,6259
22.06.2016 08:02:10.170 GMT+0100,6259.47,6258.8
22.06.2016 08:02:10.971 GMT+0100,6259.47,6258.5
22.06.2016 08:02:11.022 GMT+0100,6259.47,6258.5
22.06.2016 08:02:11.573 GMT+0100,6259.47,6258.8
22.06.2016 08:02:11.674 GMT+0100,6259.47,6258.5
22.06.2016 08:02:12.021 GMT+0100,6259.47,6258.5
22.06.2016 08:02:12.174 GMT+0100,6259.47,6258.47
22.06.2016 08:02:12.523 GMT+0100,6259.47,6258.47
22.06.2016 08:02:13.126 GMT+0100,6259.47,6258.47
22.06.2016 08:02:13.278 GMT+0100,6259.47,6259
22.06.2016 08:02:13.378 GMT+0100,6259.47,6258.47
22.06.2016 08:02:13.429 GMT+0100,6259.47,6258.47
22.06.2016 08:02:14.236 GMT+0100,6259.47,6258.47
22.06.2016 08:02:14.537 GMT+0100,6259.47,6258.47
22.06.2016 08:02:14.833 GMT+0100,6259.47,6258.47
22.06.2016 08:02:15.335 GMT+0100,6259.47,6258.47
22.06.2016 08:02:16.137 GMT+0100,6259.47,6258.47
22.06.2016 08:02:16.331 GMT+0100,6259.91,6258.503
22.06.2016 08:02:16.622 GMT+0100,6257.37,6257.27
22.06.2016 08:02:16.740 GMT+0100,6257.37,6256.8
22.06.2016 08:02:16.928 GMT+0100,6257.4,6257.3
22.06.2016 08:02:16.991 GMT+0100,6257.37,6256.8
22.06.2016 08:02:17.061 GMT+0100,6256.97,6256.8
22.06.2016 08:02:17.243 GMT+0100,6257.323,6255.97
22.06.2016 08:02:18.051 GMT+0100,6257.1,6256.1
22.06.2016 08:02:18.382 GMT+0100,6257.13,6256.13
22.06.2016 08:02:18.821 GMT+0100,6257.1,6256.1
22.06.2016 08:02:19.251 GMT+0100,6257.12,6256.8
22.06.2016 08:02:19.591 GMT+0100,6256.03,6255.93
22.06.2016 08:02:19.811 GMT+0100,6256.33,6254.99
22.06.2016 08:02:20.657 GMT+0100,6255.99,6255.8
22.06.2016 08:02:20.912 GMT+0100,6256.03,6255.8
22.06.2016 08:02:21.131 GMT+0100,6256.073,6254.62
22.06.2016 08:02:21.182 GMT+0100,6255.62,6255.5
22.06.2016 08:02:21.571 GMT+0100,6255.72,6255.5
22.06.2016 08:02:21.671 GMT+0100,6255.72,6255.3
22.06.2016 08:02:21.901 GMT+0100,6255.35,6255.25
22.06.2016 08:02:22.121 GMT+0100,6255.573,6254.12
22.06.2016 08:02:22.451 GMT+0100,6255.577,6254.13
22.06.2016 08:02:22.817 GMT+0100,6255.46,6253.78
22.06.2016 08:02:23.169 GMT+0100,6255.6,6255.5
22.06.2016 08:02:23.661 GMT+0100,6255.68,6255.5
22.06.2016 08:02:23.991 GMT+0100,6255.53,6255.43
22.06.2016 08:02:24.651 GMT+0100,6256.12,6255.5
22.06.2016 08:02:24.723 GMT+0100,6256.12,6256
22.06.2016 08:02:24.773 GMT+0100,6256.15,6256
22.06.2016 08:02:25.311 GMT+0100,6256.12,6256
22.06.2016 08:02:25.641 GMT+0100,6256.08,6255.98
22.06.2016 08:02:26.280 GMT+0100,6256.08,6255.8
22.06.2016 08:02:26.532 GMT+0100,6255.87,6255.77
22.06.2016 08:02:26.983 GMT+0100,6255.87,6255.3
22.06.2016 08:02:27.071 GMT+0100,6255.82,6255.3
22.06.2016 08:02:27.486 GMT+0100,6255.82,6255.3
22.06.2016 08:02:28.390 GMT+0100,6255.82,6255.3
22.06.2016 08:02:28.441 GMT+0100,6255.43,6255.3
22.06.2016 08:02:28.566 GMT+0100,6255.43,6255
22.06.2016 08:02:28.617 GMT+0100,6255.31,6253.93
22.06.2016 08:02:28.831 GMT+0100,6255.23,6254.23
22.06.2016 08:02:29.601 GMT+0100,6255.63,6254.63
22.06.2016 08:02:29.948 GMT+0100,6256.323,6254.97
22.06.2016 08:02:30.399 GMT+0100,6256.61,6255.23
22.06.2016 08:02:31.104 GMT+0100,6256.37,6255.37
22.06.2016 08:02:31.604 GMT+0100,6256.37,6256
22.06.2016 08:02:32.241 GMT+0100,6256.03,6255.93
22.06.2016 08:02:32.307 GMT+0100,6256.03,6255.03
22.06.2016 08:02:32.455 GMT+0100,6256.03,6255.5
22.06.2016 08:02:32.757 GMT+0100,6255.95,6255.3
22.06.2016 08:02:32.807 GMT+0100,6255.03,6254.93
22.06.2016 08:02:32.858 GMT+0100,6255.03,6254.5
22.06.2016 08:02:32.908 GMT+0100,6255.1,6255
22.06.2016 08:02:33.011 GMT+0100,6254.827,6253.48
22.06.2016 08:02:33.312 GMT+0100,6254.48,6254.3
22.06.2016 08:02:33.362 GMT+0100,6254.61,6253.23
22.06.2016 08:02:33.610 GMT+0100,6254.693,6253.28
22.06.2016 08:02:34.219 GMT+0100,6255.193,6253.78
22.06.2016 08:02:34.661 GMT+0100,6256.08,6255.08
22.06.2016 08:02:35.101 GMT+0100,6256.317,6254.95
22.06.2016 08:02:35.465 GMT+0100,6255.95,6255.5
22.06.2016 08:02:35.871 GMT+0100,6255.31,6253.93
22.06.2016 08:02:36.641 GMT+0100,6255.327,6253.98
22.06.2016 08:02:37.191 GMT+0100,6255.277,6253.83
22.06.2016 08:02:37.521 GMT+0100,6255.317,6253.95
22.06.2016 08:02:37.851 GMT+0100,6255.03,6254.03
22.06.2016 08:02:38.178 GMT+0100,6254.93,6254.5
22.06.2016 08:02:38.841 GMT+0100,6254.58,6254.48
22.06.2016 08:02:38.932 GMT+0100,6254.58,6254.3
22.06.2016 08:02:39.074 GMT+0100,6254.627,6254.5
22.06.2016 08:02:39.172 GMT+0100,6254.49,6254.3
22.06.2016 08:02:39.611 GMT+0100,6254.53,6252.99
22.06.2016 08:02:39.831 GMT+0100,6254.473,6253.12
22.06.2016 08:02:40.161 GMT+0100,6254.29,6252.87
22.06.2016 08:02:40.488 GMT+0100,6254.5,6252.9
22.06.2016 08:02:40.799 GMT+0100,6254.47,6253.11
22.06.2016 08:02:41.261 GMT+0100,6254.307,6252.92
22.06.2016 08:02:41.646 GMT+0100,6254.317,6252.95
22.06.2016 08:02:42.471 GMT+0100,6254.307,6252.92
22.06.2016 08:02:43.244 GMT+0100,6254.587,6253.16
22.06.2016 08:02:43.571 GMT+0100,6254.563,6253.09
22.06.2016 08:02:44.121 GMT+0100,6254.567,6253.1
22.06.2016 08:02:44.552 GMT+0100,6254.87,6254.5
22.06.2016 08:02:44.891 GMT+0100,6255.03,6254.5
22.06.2016 08:02:44.941 GMT+0100,6255.03,6254.8
22.06.2016 08:02:45.111 GMT+0100,6254.623,6253.27
22.06.2016 08:02:45.331 GMT+0100,6254.493,6253.18
22.06.2016 08:02:45.661 GMT+0100,6254.57,6253.11
22.06.2016 08:02:46.058 GMT+0100,6254.11,6253.11
22.06.2016 08:02:46.108 GMT+0100,6254.07,6253.07
22.06.2016 08:02:46.204 GMT+0100,6254.07,6253.5
22.06.2016 08:02:46.355 GMT+0100,6253.4,6251.9
22.06.2016 08:02:46.555 GMT+0100,6253.12,6252.12
22.06.2016 08:02:46.871 GMT+0100,6253.33,6251.99
22.06.2016 08:02:47.209 GMT+0100,6252.93,6252.8
22.06.2016 08:02:47.421 GMT+0100,6252.99,6252.8
22.06.2016 08:02:47.563 GMT+0100,6253.53,6251.99
22.06.2016 08:02:47.641 GMT+0100,6253.577,6252.13
22.06.2016 08:02:48.064 GMT+0100,6253.237,6251.91
22.06.2016 08:02:48.630 GMT+0100,6253.25,6251.95
22.06.2016 08:02:49.070 GMT+0100,6253.15,6252.15
22.06.2016 08:02:49.421 GMT+0100,6253.15,6252.8
22.06.2016 08:02:49.841 GMT+0100,6252.96,6252.8
22.06.2016 08:02:50.070 GMT+0100,6252.96,6251.96
22.06.2016 08:02:50.216 GMT+0100,6252.96,6252.5
22.06.2016 08:02:50.417 GMT+0100,6252.91,6252.3
22.06.2016 08:02:50.501 GMT+0100,6251.87,6251.77
22.06.2016 08:02:50.601 GMT+0100,6252.29,6250.87
22.06.2016 08:02:50.777 GMT+0100,6252.33,6250.99
22.06.2016 08:02:51.218 GMT+0100,6252.32,6250.96
22.06.2016 08:02:51.519 GMT+0100,6252.03,6251.03
22.06.2016 08:02:51.820 GMT+0100,6251.92,6251.8
22.06.2016 08:02:52.041 GMT+0100,6252.127,6250.78
22.06.2016 08:02:52.279 GMT+0100,6251.78,6251.3
22.06.2016 08:02:52.590 GMT+0100,6251.83,6251.3
22.06.2016 08:02:52.691 GMT+0100,6252.377,6250.83
22.06.2016 08:02:52.810 GMT+0100,6252.42,6250.96
22.06.2016 08:02:53.141 GMT+0100,6252.743,6251.13
22.06.2016 08:02:53.583 GMT+0100,6253.03,6252.03
22.06.2016 08:02:54.130 GMT+0100,6253.13,6252.13
22.06.2016 08:02:54.570 GMT+0100,6252.95,6252.8
22.06.2016 08:02:55.692 GMT+0100,6252.95,6252.5
22.06.2016 08:02:55.780 GMT+0100,6252.89,6252.5
22.06.2016 08:02:56.193 GMT+0100,6252.9,6252.8
22.06.2016 08:02:56.243 GMT+0100,6252.697,6250.99
22.06.2016 08:02:56.550 GMT+0100,6253.11,6251.73
22.06.2016 08:02:57.541 GMT+0100,6253.593,6252.18
22.06.2016 08:02:57.935 GMT+0100,6253.127,6251.78
22.06.2016 08:02:58.236 GMT+0100,6252.7,6252.5
22.06.2016 08:02:58.311 GMT+0100,6252.4,6252
22.06.2016 08:02:58.530 GMT+0100,6252.33,6250.99
22.06.2016 08:02:58.603 GMT+0100,6251.99,6251.8
22.06.2016 08:02:58.943 GMT+0100,6251.87,6251.77
22.06.2016 08:02:59.081 GMT+0100,6251.9,6250.4
22.06.2016 08:02:59.131 GMT+0100,6251.4,6251.3
22.06.2016 08:02:59.307 GMT+0100,6251.617,6250.25
22.06.2016 08:02:59.740 GMT+0100,6251.627,6250.28
22.06.2016 08:03:00.296 GMT+0100,6251.487,6250.16
22.06.2016 08:03:00.950 GMT+0100,6251.573,6250.12
22.06.2016 08:03:01.299 GMT+0100,6251.35,6250.35
22.06.2016 08:03:01.640 GMT+0100,6251.687,6250.26
22.06.2016 08:03:02.117 GMT+0100,6251.96,6250.28
22.06.2016 08:03:02.454 GMT+0100,6251.73,6251.5
22.06.2016 08:03:02.505 GMT+0100,6251.31,6249.93
22.06.2016 08:03:02.821 GMT+0100,6251.177,6249.73
22.06.2016 08:03:03.157 GMT+0100,6250.993,6249.48
22.06.2016 08:03:03.568 GMT+0100,6251.42,6249.96
22.06.2016 08:03:03.961 GMT+0100,6251.2,6250.2
22.06.2016 08:03:04.471 GMT+0100,6251.837,6250.41
22.06.2016 08:03:04.975 GMT+0100,6251.41,6251.3
22.06.2016 08:03:05.026 GMT+0100,6251.45,6251.3
22.06.2016 08:03:05.242 GMT+0100,6251.53,6250.53
22.06.2016 08:03:05.462 GMT+0100,6251.97,6250.97
22.06.2016 08:03:05.790 GMT+0100,6252.03,6251.03
22.06.2016 08:03:06.231 GMT+0100,6252.31,6251.31
22.06.2016 08:03:06.537 GMT+0100,6252.4,6252.3
22.06.2016 08:03:06.588 GMT+0100,6251.93,6251.8
22.06.2016 08:03:06.823 GMT+0100,6252.1,6251.8
22.06.2016 08:03:07.049 GMT+0100,6252.1,6252
22.06.2016 08:03:07.221 GMT+0100,6252.16,6252
22.06.2016 08:03:07.551 GMT+0100,6252.32,6250.96
22.06.2016 08:03:07.770 GMT+0100,6252.31,6250.93
22.06.2016 08:03:09.420 GMT+0100,6252.297,6250.89
22.06.2016 08:03:09.849 GMT+0100,6252,6251.8
22.06.2016 08:03:10.190 GMT+0100,6251.82,6251.72
22.06.2016 08:03:10.352 GMT+0100,6252.273,6250.82
22.06.2016 08:03:10.410 GMT+0100,6252.277,6250.83
22.06.2016 08:03:10.782 GMT+0100,6252.03,6251.03
22.06.2016 08:03:11.180 GMT+0100,6251.82,6251.72
22.06.2016 08:03:11.357 GMT+0100,6251.82,6251.5
22.06.2016 08:03:11.408 GMT+0100,6251.53,6251.43
22.06.2016 08:03:11.729 GMT+0100,6251.5,6251.4
22.06.2016 08:03:12.280 GMT+0100,6251.53,6251.43
22.06.2016 08:03:12.500 GMT+0100,6251.5,6251.4
22.06.2016 08:03:12.830 GMT+0100,6251.57,6251.47
22.06.2016 08:03:13.050 GMT+0100,6251.63,6251.5
22.06.2016 08:03:13.270 GMT+0100,6251.6,6251.5
22.06.2016 08:03:13.600 GMT+0100,6251.53,6251.43
22.06.2016 08:03:14.305 GMT+0100,6251.5,6251.4
22.06.2016 08:03:14.590 GMT+0100,6251.53,6251.43
22.06.2016 08:03:14.871 GMT+0100,6251.943,6250.53
22.06.2016 08:03:15.224 GMT+0100,6252.29,6250.57
22.06.2016 08:03:15.580 GMT+0100,6252.7,6250.5
22.06.2016 08:03:16.240 GMT+0100,6253.327,6251.98
22.06.2016 08:03:16.570 GMT+0100,6253.1,6252.1
22.06.2016 08:03:17.180 GMT+0100,6253.253,6251.96
22.06.2016 08:03:17.593 GMT+0100,6253,6252
22.06.2016 08:03:19.588 GMT+0100,6253,6252.5
22.06.2016 08:03:20.030 GMT+0100,6252.723,6251.37
22.06.2016 08:03:20.090 GMT+0100,6252.4,6252.3
22.06.2016 08:03:21.350 GMT+0100,6252.43,6252.3
22.06.2016 08:03:21.640 GMT+0100,6252.743,6251.43
22.06.2016 08:03:21.690 GMT+0100,6252.75,6251.45
22.06.2016 08:03:22.010 GMT+0100,6252.58,6251.58
22.06.2016 08:03:22.559 GMT+0100,6253.03,6252.03
22.06.2016 08:03:22.902 GMT+0100,6253.03,6252.8
22.06.2016 08:03:24.507 GMT+0100,6253.237,6251.91
22.06.2016 08:03:24.773 GMT+0100,6253.03,6252.03
22.06.2016 08:03:25.200 GMT+0100,6253.567,6252.1
22.06.2016 08:03:26.642 GMT+0100,6253.1,6253
22.06.2016 08:03:26.878 GMT+0100,6253.253,6251.96
22.06.2016 08:03:27.157 GMT+0100,6252.96,6252.8
22.06.2016 08:03:27.289 GMT+0100,6253.03,6252.8
22.06.2016 08:03:27.645 GMT+0100,6253.607,6252.22
22.06.2016 08:03:28.279 GMT+0100,6253.593,6252.18
22.06.2016 08:03:28.608 GMT+0100,6253.84,6252.22
22.06.2016 08:03:28.921 GMT+0100,6254.09,6252.67
22.06.2016 08:03:29.269 GMT+0100,6254.113,6252.74
22.06.2016 08:03:30.369 GMT+0100,6254.107,6252.72
22.06.2016 08:03:31.330 GMT+0100,6253.72,6253.3
22.06.2016 08:03:31.380 GMT+0100,6253.76,6253.3
22.06.2016 08:03:31.910 GMT+0100,6253.37,6253.27
22.06.2016 08:03:32.035 GMT+0100,6253.723,6252.37
22.06.2016 08:03:32.129 GMT+0100,6253.76,6252.48
22.06.2016 08:03:32.536 GMT+0100,6254.073,6252.62
22.06.2016 08:03:32.899 GMT+0100,6254.127,6252.78
22.06.2016 08:03:33.779 GMT+0100,6253.81,6252.81
22.06.2016 08:03:34.243 GMT+0100,6254.293,6252.78
22.06.2016 08:03:34.544 GMT+0100,6254.907,6253.12
22.06.2016 08:03:34.879 GMT+0100,6255.35,6254.35
22.06.2016 08:03:35.320 GMT+0100,6255.607,6254.22
22.06.2016 08:03:35.649 GMT+0100,6254.93,6254.8
22.06.2016 08:03:35.870 GMT+0100,6255.127,6253.78
22.06.2016 08:03:36.150 GMT+0100,6254.78,6254.5
22.06.2016 08:03:36.592 GMT+0100,6254.6,6254.5
22.06.2016 08:03:36.659 GMT+0100,6254.41,6254.3
22.06.2016 08:03:37.154 GMT+0100,6254.837,6253.41
22.06.2016 08:03:37.204 GMT+0100,6254.843,6253.43
22.06.2016 08:03:37.593 GMT+0100,6255.26,6254.26
22.06.2016 08:03:38.069 GMT+0100,6255.35,6254.35
22.06.2016 08:03:38.509 GMT+0100,6255.31,6254.31
22.06.2016 08:03:38.951 GMT+0100,6254.98,6254.8
22.06.2016 08:03:39.402 GMT+0100,6255.12,6254.8
22.06.2016 08:03:39.499 GMT+0100,6255.18,6254.8
22.06.2016 08:03:39.663 GMT+0100,6255.593,6254.18
22.06.2016 08:03:39.719 GMT+0100,6255.607,6254.22
22.06.2016 08:03:40.049 GMT+0100,6255.62,6254.26
22.06.2016 08:03:40.365 GMT+0100,6255.38,6255
22.06.2016 08:03:40.819 GMT+0100,6255.317,6253.95
22.06.2016 08:03:40.870 GMT+0100,6254.95,6254.8
22.06.2016 08:03:41.039 GMT+0100,6254.97,6254.8
22.06.2016 08:03:41.259 GMT+0100,6255.127,6253.78
22.06.2016 08:03:41.589 GMT+0100,6254.91,6253.91
22.06.2016 08:03:44.999 GMT+0100,6254.87,6253.87
22.06.2016 08:03:45.462 GMT+0100,6254.67,6254.5
22.06.2016 08:03:45.549 GMT+0100,6254.737,6253.41
22.06.2016 08:03:45.769 GMT+0100,6254.53,6253.53
22.06.2016 08:03:46.085 GMT+0100,6254.51,6254.3
22.06.2016 08:03:46.539 GMT+0100,6254.53,6254.3
22.06.2016 08:03:46.591 GMT+0100,6254.6,6254.5
22.06.2016 08:03:47.189 GMT+0100,6255.01,6253.53
22.06.2016 08:03:47.529 GMT+0100,6255.99,6254.37
22.06.2016 08:03:47.871 GMT+0100,6256.52,6254.96
22.06.2016 08:03:48.273 GMT+0100,6256.33,6255.33
22.06.2016 08:03:48.598 GMT+0100,6256.73,6256
22.06.2016 08:03:48.739 GMT+0100,6256.85,6256
22.06.2016 08:03:48.790 GMT+0100,6256.85,6256.5
22.06.2016 08:03:49.069 GMT+0100,6257.127,6255.78
22.06.2016 08:03:49.289 GMT+0100,6257.12,6255.76
22.06.2016 08:03:49.729 GMT+0100,6257.477,6256.33
22.06.2016 08:03:50.032 GMT+0100,6258.367,6256.5
22.06.2016 08:03:50.410 GMT+0100,6258.35,6258
22.06.2016 08:03:50.719 GMT+0100,6258.13,6258
22.06.2016 08:03:50.935 GMT+0100,6258.577,6257.13
22.06.2016 08:03:50.986 GMT+0100,6258.45,6257.45
22.06.2016 08:03:51.379 GMT+0100,6258.48,6256.84
22.06.2016 08:03:51.788 GMT+0100,6258.607,6257.22
22.06.2016 08:03:52.150 GMT+0100,6258.08,6257.98
22.06.2016 08:03:52.369 GMT+0100,6258.177,6256.73
22.06.2016 08:03:52.742 GMT+0100,6258.31,6256.93
22.06.2016 08:03:53.093 GMT+0100,6258.03,6257.8
22.06.2016 08:03:53.143 GMT+0100,6258.18,6257.8
22.06.2016 08:03:53.429 GMT+0100,6258.76,6257.18
22.06.2016 08:03:53.920 GMT+0100,6259.127,6257.78
22.06.2016 08:03:55.049 GMT+0100,6259.37,6257.81
22.06.2016 08:03:55.401 GMT+0100,6259.46,6258.46
22.06.2016 08:03:55.789 GMT+0100,6259.17,6258.17
22.06.2016 08:03:56.339 GMT+0100,6259.12,6258.12
22.06.2016 08:03:57.144 GMT+0100,6259.12,6258.8
22.06.2016 08:03:57.504 GMT+0100,6258.95,6258.8
22.06.2016 08:03:57.554 GMT+0100,6259.32,6258.8
22.06.2016 08:03:57.661 GMT+0100,6259.4,6259.3
22.06.2016 08:03:57.879 GMT+0100,6259.46,6259.3
22.06.2016 08:03:58.148 GMT+0100,6259.82,6258.46
22.06.2016 08:03:58.656 GMT+0100,6259.42,6259.3
22.06.2016 08:03:58.869 GMT+0100,6259.45,6259.3
22.06.2016 08:03:59.157 GMT+0100,6259.817,6258.45
22.06.2016 08:03:59.208 GMT+0100,6259.823,6258.47
22.06.2016 08:03:59.639 GMT+0100,6259.51,6258.51
22.06.2016 08:04:00.079 GMT+0100,6259.843,6258.43
22.06.2016 08:04:00.412 GMT+0100,6259.24,6258.3
22.06.2016 08:04:01.069 GMT+0100,6258.3,6258.2
22.06.2016 08:04:01.266 GMT+0100,6258.3,6258
22.06.2016 08:04:01.398 GMT+0100,6257.59,6257.3
22.06.2016 08:04:01.729 GMT+0100,6257.857,6256.27
22.06.2016 08:04:01.969 GMT+0100,6257.903,6256.61
22.06.2016 08:04:02.282 GMT+0100,6258.47,6257.47
22.06.2016 08:04:02.718 GMT+0100,6257.5,6257.3
22.06.2016 08:04:02.819 GMT+0100,6258.167,6256.5
22.06.2016 08:04:02.939 GMT+0100,6258.28,6256.84
22.06.2016 08:04:03.269 GMT+0100,6258.293,6256.88
22.06.2016 08:04:03.598 GMT+0100,6258.423,6256.97
22.06.2016 08:04:04.039 GMT+0100,6258.607,6257.22
22.06.2016 08:04:04.381 GMT+0100,6259.077,6257.63
22.06.2016 08:04:04.809 GMT+0100,6258.83,6257.83
22.06.2016 08:04:05.381 GMT+0100,6259.1,6259
22.06.2016 08:04:05.484 GMT+0100,6259.12,6259
22.06.2016 08:04:05.583 GMT+0100,6259.64,6258.12
22.06.2016 08:04:05.688 GMT+0100,6259.63,6258.09
22.06.2016 08:04:06.129 GMT+0100,6259.113,6257.74
22.06.2016 08:04:06.459 GMT+0100,6259.01,6258.01
22.06.2016 08:04:07.339 GMT+0100,6259.097,6257.69
22.06.2016 08:04:07.668 GMT+0100,6258.98,6258.5
22.06.2016 08:04:07.893 GMT+0100,6258.817,6257.45
22.06.2016 08:04:08.497 GMT+0100,6258.45,6257.5
22.06.2016 08:04:08.878 GMT+0100,6257.55,6257.45
22.06.2016 08:04:09.099 GMT+0100,6257.823,6256.47
22.06.2016 08:04:09.318 GMT+0100,6258.05,6256.55
22.06.2016 08:04:09.868 GMT+0100,6257.91,6256.91
22.06.2016 08:04:10.418 GMT+0100,6258.02,6257.02
22.06.2016 08:04:10.748 GMT+0100,6258.137,6256.91
22.06.2016 08:04:11.258 GMT+0100,6257.51,6257.41
22.06.2016 08:04:11.309 GMT+0100,6257.743,6256.43
22.06.2016 08:04:11.518 GMT+0100,6257.793,6256.38
22.06.2016 08:04:12.069 GMT+0100,6257.807,6256.42
22.06.2016 08:04:12.398 GMT+0100,6257.8,6256.4
22.06.2016 08:04:14.017 GMT+0100,6257.893,6256.38
22.06.2016 08:04:14.466 GMT+0100,6258.33,6256.69
22.06.2016 08:04:14.818 GMT+0100,6258.6,6257.6
22.06.2016 08:04:15.169 GMT+0100,6258.66,6257.66
22.06.2016 08:04:15.588 GMT+0100,6259.14,6259
22.06.2016 08:04:15.808 GMT+0100,6259.24,6259
22.06.2016 08:04:16.530 GMT+0100,6259.513,6258.24
22.06.2016 08:04:16.908 GMT+0100,6259.52,6258.52
22.06.2016 08:04:17.277 GMT+0100,6260.023,6258.77
22.06.2016 08:04:17.595 GMT+0100,6259.93,6259.5
22.06.2016 08:04:18.440 GMT+0100,6259.55,6258.55
22.06.2016 08:04:18.558 GMT+0100,6259.2,6258.3
22.06.2016 08:04:18.681 GMT+0100,6259.2,6258.5
22.06.2016 08:04:18.782 GMT+0100,6259.2,6258.3
22.06.2016 08:04:18.888 GMT+0100,6258.41,6257.13
22.06.2016 08:04:18.942 GMT+0100,6258.13,6257.8
22.06.2016 08:04:19.043 GMT+0100,6258.13,6257.13
22.06.2016 08:04:19.108 GMT+0100,6257.99,6257
22.06.2016 08:04:19.208 GMT+0100,6257.99,6257.763
22.06.2016 08:04:19.308 GMT+0100,6257.99,6257
22.06.2016 08:04:19.439 GMT+0100,6257.48,6257
22.06.2016 08:04:19.546 GMT+0100,6257.827,6256.48
22.06.2016 08:04:19.658 GMT+0100,6257.803,6256.41
22.06.2016 08:04:20.449 GMT+0100,6257.4,6257.3
22.06.2016 08:04:20.950 GMT+0100,6257.38,6257
22.06.2016 08:04:21.001 GMT+0100,6257.3,6257
22.06.2016 08:04:21.438 GMT+0100,6257.1,6257
22.06.2016 08:04:21.768 GMT+0100,6257.24,6257
22.06.2016 08:04:22.318 GMT+0100,6257.22,6257
22.06.2016 08:04:22.369 GMT+0100,6257.22,6256.8
22.06.2016 08:04:22.674 GMT+0100,6256.98,6256.8
22.06.2016 08:04:22.858 GMT+0100,6257.36,6255.98
22.06.2016 08:04:22.908 GMT+0100,6257.32,6255.86
22.06.2016 08:04:23.318 GMT+0100,6257.36,6256.36
22.06.2016 08:04:23.748 GMT+0100,6258.127,6256.78
22.06.2016 08:04:24.078 GMT+0100,6258.103,6256.71
22.06.2016 08:04:24.518 GMT+0100,6257.503,6256.01
22.06.2016 08:04:24.849 GMT+0100,6257.317,6255.95
22.06.2016 08:04:25.181 GMT+0100,6256.91,6256.8
22.06.2016 08:04:25.398 GMT+0100,6257.127,6255.78
22.06.2016 08:04:25.969 GMT+0100,6256.78,6256.5
22.06.2016 08:04:26.175 GMT+0100,6256.793,6255.38
22.06.2016 08:04:26.471 GMT+0100,6256.4,6256.3
22.06.2016 08:04:26.522 GMT+0100,6256.5,6256.3
22.06.2016 08:04:26.725 GMT+0100,6256.45,6256.3
22.06.2016 08:04:26.938 GMT+0100,6256.617,6255.25
22.06.2016 08:04:26.989 GMT+0100,6256.25,6255.8
22.06.2016 08:04:27.158 GMT+0100,6256.28,6255.8
22.06.2016 08:04:27.476 GMT+0100,6256.28,6256
22.06.2016 08:04:27.526 GMT+0100,6256.31,6254.93
22.06.2016 08:04:27.708 GMT+0100,6256.08,6255.08
22.06.2016 08:04:28.027 GMT+0100,6256.02,6255.02
22.06.2016 08:04:28.487 GMT+0100,6256.02,6255.8
22.06.2016 08:04:28.889 GMT+0100,6256.02,6255.02
22.06.2016 08:04:28.940 GMT+0100,6255.82,6255
22.06.2016 08:04:29.468 GMT+0100,6255.13,6255
22.06.2016 08:04:29.844 GMT+0100,6255.05,6254.95
22.06.2016 08:04:30.128 GMT+0100,6255.057,6253.67
22.06.2016 08:04:30.294 GMT+0100,6254.67,6254.5
22.06.2016 08:04:30.486 GMT+0100,6254.76,6254.5
22.06.2016 08:04:30.678 GMT+0100,6255.05,6254.5
22.06.2016 08:04:30.797 GMT+0100,6255.1,6255
22.06.2016 08:04:31.163 GMT+0100,6255.003,6253.51
22.06.2016 08:04:31.298 GMT+0100,6254.6,6254.5
22.06.2016 08:04:31.348 GMT+0100,6254.55,6254.45
22.06.2016 08:04:31.668 GMT+0100,6254.65,6254.5
22.06.2016 08:04:31.799 GMT+0100,6255.217,6253.65
22.06.2016 08:04:31.888 GMT+0100,6255.11,6254.11
22.06.2016 08:04:32.328 GMT+0100,6255.18,6254.18
22.06.2016 08:04:32.676 GMT+0100,6255.08,6254.08
22.06.2016 08:04:33.304 GMT+0100,6255.2,6254.8
22.06.2016 08:04:33.757 GMT+0100,6254.91,6254.8
22.06.2016 08:04:34.163 GMT+0100,6254.9,6254.8
22.06.2016 08:04:34.527 GMT+0100,6255.123,6253.77
22.06.2016 08:04:34.747 GMT+0100,6255.107,6253.72
22.06.2016 08:04:35.313 GMT+0100,6254.83,6253.83
22.06.2016 08:04:35.637 GMT+0100,6255.07,6253.61
22.06.2016 08:04:35.948 GMT+0100,6255.027,6253.78
22.06.2016 08:04:36.591 GMT+0100,6254.51,6254.41
22.06.2016 08:04:36.661 GMT+0100,6254.65,6254.3
22.06.2016 08:04:36.848 GMT+0100,6254.47,6254.3
22.06.2016 08:04:37.117 GMT+0100,6254.823,6253.47
22.06.2016 08:04:37.178 GMT+0100,6254.61,6253.61
22.06.2016 08:04:37.595 GMT+0100,6254.757,6253.47
22.06.2016 08:04:37.948 GMT+0100,6255.637,6254.11
22.06.2016 08:04:38.255 GMT+0100,6254.98,6254.8
22.06.2016 08:04:38.388 GMT+0100,6255.117,6253.75
22.06.2016 08:04:38.827 GMT+0100,6254.98,6253.98
22.06.2016 08:04:39.817 GMT+0100,6255.127,6253.78
22.06.2016 08:04:40.258 GMT+0100,6254.83,6253.83
22.06.2016 08:04:40.609 GMT+0100,6254.987,6253.66
22.06.2016 08:04:41.137 GMT+0100,6254.41,6254.3
22.06.2016 08:04:41.446 GMT+0100,6254.5,6254.3
22.06.2016 08:04:41.578 GMT+0100,6254.28,6252.74
22.06.2016 08:04:41.798 GMT+0100,6253.8,6252.8
22.06.2016 08:04:42.128 GMT+0100,6254.14,6253.14
22.06.2016 08:04:42.596 GMT+0100,6254.62,6253.26
22.06.2016 08:04:42.942 GMT+0100,6254.61,6254
22.06.2016 08:04:43.442 GMT+0100,6254.637,6254.5
22.06.2016 08:04:43.492 GMT+0100,6254.607,6253.22
22.06.2016 08:04:43.669 GMT+0100,6254.41,6253.41
22.06.2016 08:04:44.217 GMT+0100,6254.15,6254
22.06.2016 08:04:44.488 GMT+0100,6254.08,6253.5
22.06.2016 08:04:44.614 GMT+0100,6254.1,6254
22.06.2016 08:04:44.664 GMT+0100,6253.65,6253.5
22.06.2016 08:04:44.976 GMT+0100,6253.65,6253.3
22.06.2016 08:04:45.026 GMT+0100,6253.32,6253.22
22.06.2016 08:04:45.208 GMT+0100,6253.613,6252.24
22.06.2016 08:04:45.538 GMT+0100,6253.32,6252.32
22.06.2016 08:04:46.307 GMT+0100,6253.34,6252.34
22.06.2016 08:04:46.642 GMT+0100,6253.3,6252.3
22.06.2016 08:04:47.485 GMT+0100,6253.38,6253
22.06.2016 08:04:47.793 GMT+0100,6253.15,6253
22.06.2016 08:04:47.958 GMT+0100,6253.227,6251.88
22.06.2016 08:04:48.008 GMT+0100,6252.9,6252.8
22.06.2016 08:04:48.287 GMT+0100,6253.127,6251.78
22.06.2016 08:04:48.507 GMT+0100,6253.107,6251.72
22.06.2016 08:04:48.947 GMT+0100,6253.1,6251.7
22.06.2016 08:04:49.694 GMT+0100,6252.72,6252.5
22.06.2016 08:04:49.827 GMT+0100,6252.913,6251.44
22.06.2016 08:04:50.378 GMT+0100,6252.793,6251.38
22.06.2016 08:04:50.708 GMT+0100,6252.64,6252.3
22.06.2016 08:04:51.147 GMT+0100,6252.38,6252.28
22.06.2016 08:04:51.591 GMT+0100,6252.34,6252.24
22.06.2016 08:04:52.199 GMT+0100,6252.3,6252.2
22.06.2016 08:04:52.358 GMT+0100,6252.45,6251.05
22.06.2016 08:04:52.578 GMT+0100,6252.43,6250.99
22.06.2016 08:04:52.907 GMT+0100,6251.903,6250.41
22.06.2016 08:04:53.302 GMT+0100,6251.52,6250.52
22.06.2016 08:04:53.787 GMT+0100,6251.793,6250.38
22.06.2016 08:04:54.227 GMT+0100,6251.777,6250.33
22.06.2016 08:04:54.557 GMT+0100,6251.727,6250.18
22.06.2016 08:04:55.107 GMT+0100,6251.59,6250.59
22.06.2016 08:04:55.547 GMT+0100,6251.63,6250.63
22.06.2016 08:04:55.877 GMT+0100,6251.817,6250.45
22.06.2016 08:04:56.427 GMT+0100,6251.53,6250.53
22.06.2016 08:04:56.762 GMT+0100,6251.5,6250.5
22.06.2016 08:04:57.596 GMT+0100,6251.57,6250.11
22.06.2016 08:04:57.968 GMT+0100,6250.83,6249.49
22.06.2016 08:04:58.297 GMT+0100,6250.63,6250.3
22.06.2016 08:04:58.717 GMT+0100,6250.43,6250.3
22.06.2016 08:04:58.767 GMT+0100,6250.743,6249.43
22.06.2016 08:04:58.868 GMT+0100,6250.807,6249.42
22.06.2016 08:04:59.287 GMT+0100,6250.55,6249.55
22.06.2016 08:05:00.144 GMT+0100,6250.97,6249.61
22.06.2016 08:05:00.497 GMT+0100,6251.32,6250.32
22.06.2016 08:05:01.047 GMT+0100,6251.13,6251
22.06.2016 08:05:01.595 GMT+0100,6251.1,6251
22.06.2016 08:05:01.673 GMT+0100,6251.17,6251
22.06.2016 08:05:01.724 GMT+0100,6251.59,6250.17
22.06.2016 08:05:01.821 GMT+0100,6251.627,6250.28
22.06.2016 08:05:02.295 GMT+0100,6252.1,6250.7
22.06.2016 08:05:02.597 GMT+0100,6251.253,6249.76
22.06.2016 08:05:02.948 GMT+0100,6251.38,6250.38
22.06.2016 08:05:03.349 GMT+0100,6251.57,6250.11
22.06.2016 08:05:03.802 GMT+0100,6251.53,6250.53
22.06.2016 08:05:04.131 GMT+0100,6251.987,6250.66
22.06.2016 08:05:04.505 GMT+0100,6252.117,6250.75
22.06.2016 08:05:04.927 GMT+0100,6251.94,6250.94
22.06.2016 08:05:05.231 GMT+0100,6251.34,6251.24
22.06.2016 08:05:05.452 GMT+0100,6251.493,6249.88
22.06.2016 08:05:05.502 GMT+0100,6250.9,6250.8
22.06.2016 08:05:05.781 GMT+0100,6250.95,6250.8
22.06.2016 08:05:06.010 GMT+0100,6251.813,6250.44
22.06.2016 08:05:06.331 GMT+0100,6252.117,6250.55
22.06.2016 08:05:06.782 GMT+0100,6252.743,6251.23
22.06.2016 08:05:07.101 GMT+0100,6252.827,6251.48
22.06.2016 08:05:07.431 GMT+0100,6252.817,6251.45
22.06.2016 08:05:08.291 GMT+0100,6252.4,6252.3
22.06.2016 08:05:08.792 GMT+0100,6252.827,6251.38
22.06.2016 08:05:08.861 GMT+0100,6252.727,6251.08
22.06.2016 08:05:09.191 GMT+0100,6253.073,6251.62
22.06.2016 08:05:09.741 GMT+0100,6252.92,6251.92
22.06.2016 08:05:10.176 GMT+0100,6252.88,6251.88
22.06.2016 08:05:10.509 GMT+0100,6253.587,6252.16
22.06.2016 08:05:10.992 GMT+0100,6253.607,6252.22
22.06.2016 08:05:11.391 GMT+0100,6253.41,6252.41
22.06.2016 08:05:11.831 GMT+0100,6253.5,6252.5
22.06.2016 08:05:12.379 GMT+0100,6254.187,6252.76
22.06.2016 08:05:12.821 GMT+0100,6254.467,6252.8
22.06.2016 08:05:13.151 GMT+0100,6254.13,6253.8
22.06.2016 08:05:13.448 GMT+0100,6254.577,6253.13
22.06.2016 08:05:13.499 GMT+0100,6254.33,6253.33
22.06.2016 08:05:13.811 GMT+0100,6254.35,6253.35
22.06.2016 08:05:14.801 GMT+0100,6254.49,6253.49
22.06.2016 08:05:15.241 GMT+0100,6254.45,6253.45
22.06.2016 08:05:15.791 GMT+0100,6255.12,6253.76
22.06.2016 08:05:16.451 GMT+0100,6255.1,6253.7
22.06.2016 08:05:16.781 GMT+0100,6255.113,6253.74
22.06.2016 08:05:17.123 GMT+0100,6255.2,6253.8
22.06.2016 08:05:17.441 GMT+0100,6255.293,6253.88
22.06.2016 08:05:17.991 GMT+0100,6255.02,6254.02
22.06.2016 08:05:18.541 GMT+0100,6255.32,6253.96
22.06.2016 08:05:20.536 GMT+0100,6254.96,6254.8
22.06.2016 08:05:20.861 GMT+0100,6254.81,6253.33
22.06.2016 08:05:21.039 GMT+0100,6254.4,6254.3
22.06.2016 08:05:21.191 GMT+0100,6254.623,6253.27
22.06.2016 08:05:21.411 GMT+0100,6254.63,6253.29
22.06.2016 08:05:21.741 GMT+0100,6254.62,6253.26
22.06.2016 08:05:22.070 GMT+0100,6254.623,6253.27
22.06.2016 08:05:22.510 GMT+0100,6254.31,6253.31
22.06.2016 08:05:22.812 GMT+0100,6255.553,6253.86
22.06.2016 08:05:23.148 GMT+0100,6255.67,6255.5
22.06.2016 08:05:23.319 GMT+0100,6255.83,6254.49
22.06.2016 08:05:23.501 GMT+0100,6256.237,6254.61
22.06.2016 08:05:24.051 GMT+0100,6256.38,6255.38
22.06.2016 08:05:24.416 GMT+0100,6256.527,6255.28
22.06.2016 08:05:24.718 GMT+0100,6255.96,6255.5
22.06.2016 08:05:25.041 GMT+0100,6255.61,6255.5
22.06.2016 08:05:25.272 GMT+0100,6255.97,6254.61
22.06.2016 08:05:25.481 GMT+0100,6255.92,6254.92
22.06.2016 08:05:25.811 GMT+0100,6256.717,6255.35
22.06.2016 08:05:26.361 GMT+0100,6256.4,6256.3
22.06.2016 08:05:26.411 GMT+0100,6256.49,6256.3
22.06.2016 08:05:26.581 GMT+0100,6256.47,6256.3
22.06.2016 08:05:26.865 GMT+0100,6256.757,6255.47
22.06.2016 08:05:26.916 GMT+0100,6256.76,6255.48
22.06.2016 08:05:27.460 GMT+0100,6256.793,6255.38
22.06.2016 08:05:27.790 GMT+0100,6256.8,6255.4
22.06.2016 08:05:28.467 GMT+0100,6256.4,6256.3
22.06.2016 08:05:28.826 GMT+0100,6256.3,6256
22.06.2016 08:05:28.891 GMT+0100,6255.88,6255.5
22.06.2016 08:05:29.111 GMT+0100,6255.58,6255.48
22.06.2016 08:05:29.672 GMT+0100,6255.58,6255.3
22.06.2016 08:05:29.881 GMT+0100,6255.607,6254.22
22.06.2016 08:05:30.540 GMT+0100,6255.6,6254.2
22.06.2016 08:05:30.980 GMT+0100,6255.2,6254.8
22.06.2016 08:05:31.095 GMT+0100,6255.243,6253.63
22.06.2016 08:05:31.420 GMT+0100,6254.937,6253.51
22.06.2016 08:05:31.970 GMT+0100,6254.61,6254.5
22.06.2016 08:05:32.520 GMT+0100,6254.59,6254.49
22.06.2016 08:05:32.786 GMT+0100,6254.59,6254.3
22.06.2016 08:05:33.401 GMT+0100,6254.45,6254.3
22.06.2016 08:05:33.739 GMT+0100,6254.34,6254.24
22.06.2016 08:05:34.281 GMT+0100,6254.37,6254.27
22.06.2016 08:05:35.014 GMT+0100,6254.37,6253.8
22.06.2016 08:05:35.137 GMT+0100,6254.4,6254.3
22.06.2016 08:05:35.188 GMT+0100,6254.25,6253.8
22.06.2016 08:05:35.491 GMT+0100,6254.22,6253.8
22.06.2016 08:05:35.541 GMT+0100,6254.607,6253.22
22.06.2016 08:05:35.600 GMT+0100,6254.587,6253.16
22.06.2016 08:05:35.930 GMT+0100,6254.347,6252.94
22.06.2016 08:05:36.370 GMT+0100,6253.97,6253.8
22.06.2016 08:05:36.810 GMT+0100,6253.93,6253.8
22.06.2016 08:05:37.400 GMT+0100,6253.94,6253.8
22.06.2016 08:05:37.690 GMT+0100,6254.18,6253.8
22.06.2016 08:05:37.741 GMT+0100,6254.18,6254
22.06.2016 08:05:38.911 GMT+0100,6254.457,6253.07
22.06.2016 08:05:39.120 GMT+0100,6254.567,6253.1
22.06.2016 08:05:39.550 GMT+0100,6254.48,6253.14
22.06.2016 08:05:39.915 GMT+0100,6254.1,6254
22.06.2016 08:05:40.417 GMT+0100,6254.55,6253.05
22.06.2016 08:05:40.468 GMT+0100,6254.543,6253.03
22.06.2016 08:05:40.805 GMT+0100,6254.69,6253.69
22.06.2016 08:05:41.211 GMT+0100,6254.61,6253.23
22.06.2016 08:05:41.523 GMT+0100,6254.23,6254
22.06.2016 08:05:42.025 GMT+0100,6254.4,6253.1
22.06.2016 08:05:42.090 GMT+0100,6254.357,6252.97
22.06.2016 08:05:42.461 GMT+0100,6254.733,6253.1
22.06.2016 08:05:42.860 GMT+0100,6255.123,6253.77
22.06.2016 08:05:43.520 GMT+0100,6254.85,6253.85
22.06.2016 08:05:43.960 GMT+0100,6254.82,6253.82
22.06.2016 08:05:44.634 GMT+0100,6254.82,6254.3
22.06.2016 08:05:45.060 GMT+0100,6254.78,6254.3
22.06.2016 08:05:45.136 GMT+0100,6255.127,6253.78
22.06.2016 08:05:45.610 GMT+0100,6254.8,6253.8
22.06.2016 08:05:45.940 GMT+0100,6255.237,6253.91
22.06.2016 08:05:46.490 GMT+0100,6255.32,6253.96
22.06.2016 08:05:46.842 GMT+0100,6254.96,6254.8
22.06.2016 08:05:47.040 GMT+0100,6255,6254.8
22.06.2016 08:05:47.260 GMT+0100,6255.01,6254.8
22.06.2016 08:05:47.360 GMT+0100,6255.537,6254.01
22.06.2016 08:05:47.590 GMT+0100,6255.4,6254.4
22.06.2016 08:05:47.952 GMT+0100,6255.61,6255.5
22.06.2016 08:05:48.250 GMT+0100,6255.69,6255.5
22.06.2016 08:05:48.349 GMT+0100,6255.69,6255.3
22.06.2016 08:05:48.470 GMT+0100,6255.49,6255.3
22.06.2016 08:05:48.851 GMT+0100,6255.763,6254.49
22.06.2016 08:05:48.952 GMT+0100,6255.58,6254.58
22.06.2016 08:05:49.353 GMT+0100,6255.58,6255.3
22.06.2016 08:05:49.460 GMT+0100,6255.62,6254.26
22.06.2016 08:05:49.790 GMT+0100,6255.627,6254.28
22.06.2016 08:05:50.340 GMT+0100,6255.707,6254.32
22.06.2016 08:05:50.658 GMT+0100,6255.4,6255.3
22.06.2016 08:05:50.709 GMT+0100,6255.7,6255.3
22.06.2016 08:05:50.959 GMT+0100,6255.64,6255.3
22.06.2016 08:05:51.185 GMT+0100,6256.227,6254.58
22.06.2016 08:05:51.330 GMT+0100,6256.55,6255.05
22.06.2016 08:05:51.663 GMT+0100,6256.993,6255.38
22.06.2016 08:05:51.984 GMT+0100,6257.12,6255.76
22.06.2016 08:05:52.430 GMT+0100,6256.8,6255.8
22.06.2016 08:05:53.184 GMT+0100,6256.8,6256
22.06.2016 08:05:53.530 GMT+0100,6256.78,6255.8
22.06.2016 08:05:53.581 GMT+0100,6256.78,6256.3
22.06.2016 08:05:53.641 GMT+0100,6256.573,6255.12
22.06.2016 08:05:53.970 GMT+0100,6256.55,6255.55
22.06.2016 08:05:54.410 GMT+0100,6257,6256
22.06.2016 08:05:54.979 GMT+0100,6256.99,6255.99
22.06.2016 08:05:55.290 GMT+0100,6257.19,6256.19
22.06.2016 08:05:56.086 GMT+0100,6257.3,6256.3
22.06.2016 08:05:56.390 GMT+0100,6257.32,6257.22
22.06.2016 08:05:56.610 GMT+0100,6256.87,6256.77
22.06.2016 08:05:56.940 GMT+0100,6256.85,6256.75
22.06.2016 08:05:57.160 GMT+0100,6256.9,6256.8
22.06.2016 08:05:58.488 GMT+0100,6257.233,6255.9
22.06.2016 08:05:58.590 GMT+0100,6257.17,6256.17
22.06.2016 08:05:58.920 GMT+0100,6257.19,6256.19
22.06.2016 08:05:59.580 GMT+0100,6257.16,6256.16
22.06.2016 08:06:00.050 GMT+0100,6256.92,6256
22.06.2016 08:06:00.460 GMT+0100,6256.88,6256.5
22.06.2016 08:06:00.510 GMT+0100,6256.88,6256
22.06.2016 08:06:00.570 GMT+0100,6255.82,6254.46
22.06.2016 08:06:00.797 GMT+0100,6256.283,6254.75
22.06.2016 08:06:01.199 GMT+0100,6256.38,6255.8
22.06.2016 08:06:01.340 GMT+0100,6256.123,6254.77
22.06.2016 08:06:01.607 GMT+0100,6256.113,6254.74
22.06.2016 08:06:01.983 GMT+0100,6255.8,6254.8
22.06.2016 08:06:02.306 GMT+0100,6255.58,6255.48
22.06.2016 08:06:02.549 GMT+0100,6255.743,6254.43
22.06.2016 08:06:02.770 GMT+0100,6255.62,6254.62
22.06.2016 08:06:03.100 GMT+0100,6255.58,6254.58
22.06.2016 08:06:03.429 GMT+0100,6255.36,6255.26
22.06.2016 08:06:03.661 GMT+0100,6256.17,6255.8
22.06.2016 08:06:03.870 GMT+0100,6255.99,6255.8
22.06.2016 08:06:04.716 GMT+0100,6255.99,6255.5
22.06.2016 08:06:04.767 GMT+0100,6255.93,6255.5
22.06.2016 08:06:05.080 GMT+0100,6255.707,6254.32
22.06.2016 08:06:05.315 GMT+0100,6255.94,6254.94
22.06.2016 08:06:05.665 GMT+0100,6255.987,6254.66
22.06.2016 08:06:06.029 GMT+0100,6256.127,6254.58
22.06.2016 08:06:06.399 GMT+0100,6256.793,6255.28
22.06.2016 08:06:06.984 GMT+0100,6256.83,6255.83
22.06.2016 08:06:07.322 GMT+0100,6256.72,6256
22.06.2016 08:06:07.550 GMT+0100,6256.597,6255.19
22.06.2016 08:06:08.029 GMT+0100,6256.19,6255.8
22.06.2016 08:06:08.276 GMT+0100,6255.92,6254.66
22.06.2016 08:06:08.490 GMT+0100,6255.98,6254.64
22.06.2016 08:06:08.819 GMT+0100,6255.507,6254.02
22.06.2016 08:06:09.260 GMT+0100,6256.18,6255.18
22.06.2016 08:06:09.589 GMT+0100,6256.17,6255.17
22.06.2016 08:06:09.920 GMT+0100,6256.84,6255.22
22.06.2016 08:06:10.243 GMT+0100,6257.617,6256.05
22.06.2016 08:06:10.545 GMT+0100,6258.017,6256.45
22.06.2016 08:06:10.910 GMT+0100,6258,6257
22.06.2016 08:06:11.498 GMT+0100,6258.57,6257.11
22.06.2016 08:06:11.984 GMT+0100,6258.597,6257.19
22.06.2016 08:06:12.352 GMT+0100,6258.19,6257.897
22.06.2016 08:06:12.451 GMT+0100,6258.19,6257.5
22.06.2016 08:06:12.552 GMT+0100,6258.19,6257.3
22.06.2016 08:06:12.757 GMT+0100,6258.19,6257.3
22.06.2016 08:06:13.254 GMT+0100,6256.993,6256.8
22.06.2016 08:06:13.550 GMT+0100,6256.62,6255.26
22.06.2016 08:06:13.660 GMT+0100,6256.3,6255.3
22.06.2016 08:06:14.319 GMT+0100,6256.607,6255.22
22.06.2016 08:06:15.069 GMT+0100,6256.22,6255.8
22.06.2016 08:06:15.459 GMT+0100,6255.93,6255.8
22.06.2016 08:06:15.580 GMT+0100,6256.607,6254.82
22.06.2016 08:06:15.860 GMT+0100,6256.63,6255.63
22.06.2016 08:06:16.301 GMT+0100,6256.66,6255.66
22.06.2016 08:06:16.849 GMT+0100,6257.14,6256.12
22.06.2016 08:06:17.189 GMT+0100,6257.483,6256.15
22.06.2016 08:06:17.604 GMT+0100,6257.43,6256.43
22.06.2016 08:06:18.060 GMT+0100,6257.48,6256.48
22.06.2016 08:06:18.516 GMT+0100,6257.66,6256.66
22.06.2016 08:06:18.838 GMT+0100,6258.083,6256.65
22.06.2016 08:06:19.159 GMT+0100,6257.97,6256.97
22.06.2016 08:06:19.470 GMT+0100,6258.1,6257.8
22.06.2016 08:06:19.871 GMT+0100,6258,6257.5
22.06.2016 08:06:20.039 GMT+0100,6257.45,6257
22.06.2016 08:06:20.263 GMT+0100,6257.57,6256.11
22.06.2016 08:06:20.523 GMT+0100,6257.33,6255.69
22.06.2016 08:06:21.049 GMT+0100,6257.323,6255.97
22.06.2016 08:06:21.561 GMT+0100,6256.67,6256.5
22.06.2016 08:06:21.819 GMT+0100,6256.24,6256
22.06.2016 08:06:22.150 GMT+0100,6256.45,6256
22.06.2016 08:06:22.206 GMT+0100,6256.45,6256.3
22.06.2016 08:06:22.370 GMT+0100,6256.48,6256.3
22.06.2016 08:06:22.733 GMT+0100,6256.827,6255.48
22.06.2016 08:06:22.809 GMT+0100,6256.82,6255.46
22.06.2016 08:06:23.419 GMT+0100,6256.49,6256.3
22.06.2016 08:06:24.416 GMT+0100,6256.44,6255.8
22.06.2016 08:06:24.466 GMT+0100,6256.43,6255.8
22.06.2016 08:06:24.936 GMT+0100,6255.8,6255.7
22.06.2016 08:06:25.058 GMT+0100,6256.037,6254.51
22.06.2016 08:06:25.339 GMT+0100,6256.077,6254.63
22.06.2016 08:06:25.889 GMT+0100,6256.34,6255.34
22.06.2016 08:06:26.659 GMT+0100,6256.313,6254.94
22.06.2016 08:06:27.209 GMT+0100,6256.293,6254.88
22.06.2016 08:06:27.594 GMT+0100,6256.103,6256
22.06.2016 08:06:27.759 GMT+0100,6255.963,6254.59
22.06.2016 08:06:27.832 GMT+0100,6255.6,6255.5
22.06.2016 08:06:28.536 GMT+0100,6256.017,6254.55
22.06.2016 08:06:28.640 GMT+0100,6256.05,6254.65
22.06.2016 08:06:29.000 GMT+0100,6256.02,6255.02
22.06.2016 08:06:29.302 GMT+0100,6255.81,6254.13
22.06.2016 08:06:29.672 GMT+0100,6256.19,6256
22.06.2016 08:06:29.959 GMT+0100,6256.51,6256
22.06.2016 08:06:30.044 GMT+0100,6256.51,6256.3
22.06.2016 08:06:30.406 GMT+0100,6256.44,6256
22.06.2016 08:06:30.506 GMT+0100,6256.44,6255.8
22.06.2016 08:06:30.557 GMT+0100,6255.91,6255.8
22.06.2016 08:06:30.607 GMT+0100,6255.91,6255.5
22.06.2016 08:06:30.729 GMT+0100,6255.67,6255.5
22.06.2016 08:06:31.171 GMT+0100,6255.63,6255.5
22.06.2016 08:06:31.251 GMT+0100,6255.63,6255
22.06.2016 08:06:31.301 GMT+0100,6255.12,6255
22.06.2016 08:06:31.769 GMT+0100,6255.583,6254.15
22.06.2016 08:06:32.049 GMT+0100,6255.527,6254.28
22.06.2016 08:06:32.379 GMT+0100,6255.15,6255
22.06.2016 08:06:32.759 GMT+0100,6255.65,6254.15
22.06.2016 08:06:32.819 GMT+0100,6255.643,6254.13
22.06.2016 08:06:33.266 GMT+0100,6255.13,6254.8
22.06.2016 08:06:33.370 GMT+0100,6255.22,6254.8
22.06.2016 08:06:33.614 GMT+0100,6254.9,6254.8
22.06.2016 08:06:33.809 GMT+0100,6255.113,6253.74
22.06.2016 08:06:34.359 GMT+0100,6254.8,6253.8
22.06.2016 08:06:36.176 GMT+0100,6254.8,6254
22.06.2016 08:06:36.526 GMT+0100,6254.38,6254
22.06.2016 08:06:36.577 GMT+0100,6254.113,6252.84
22.06.2016 08:06:36.781 GMT+0100,6254.64,6253.12
22.06.2016 08:06:37.268 GMT+0100,6254.583,6253.15
22.06.2016 08:06:37.605 GMT+0100,6254.3,6253.3
22.06.2016 08:06:38.031 GMT+0100,6254.737,6253.41
22.06.2016 08:06:38.370 GMT+0100,6254.17,6254
22.06.2016 08:06:38.649 GMT+0100,6254.51,6254
22.06.2016 08:06:38.699 GMT+0100,6254.6,6254.5
22.06.2016 08:06:38.869 GMT+0100,6254.827,6253.48
22.06.2016 08:06:39.343 GMT+0100,6254.937,6253.51
22.06.2016 08:06:40.079 GMT+0100,6255.05,6254.05
22.06.2016 08:06:40.519 GMT+0100,6255.073,6253.62
22.06.2016 08:06:40.959 GMT+0100,6255.083,6253.65
22.06.2016 08:06:41.289 GMT+0100,6255.12,6253.76
22.06.2016 08:06:41.645 GMT+0100,6255.57,6254.11
22.06.2016 08:06:41.983 GMT+0100,6255.51,6254.51
22.06.2016 08:06:42.411 GMT+0100,6255.19,6254.8
22.06.2016 08:06:42.718 GMT+0100,6255.18,6254.8
22.06.2016 08:06:42.830 GMT+0100,6255.19,6254.8
22.06.2016 08:06:42.918 GMT+0100,6255.19,6255
22.06.2016 08:06:43.049 GMT+0100,6255.327,6253.98
22.06.2016 08:06:43.268 GMT+0100,6255.01,6254.01
22.06.2016 08:06:43.709 GMT+0100,6254.67,6254.5
22.06.2016 08:06:44.020 GMT+0100,6254.67,6254.3
22.06.2016 08:06:44.070 GMT+0100,6254.65,6254.3
22.06.2016 08:06:44.302 GMT+0100,6254.68,6254.3
22.06.2016 08:06:44.524 GMT+0100,6254.68,6254.3
22.06.2016 08:06:44.625 GMT+0100,6253.75,6253.5
22.06.2016 08:06:44.920 GMT+0100,6253.717,6252.35
22.06.2016 08:06:45.026 GMT+0100,6253.4,6253.3
22.06.2016 08:06:45.359 GMT+0100,6253.43,6253.3
22.06.2016 08:06:45.530 GMT+0100,6253.43,6253
22.06.2016 08:06:45.689 GMT+0100,6253.25,6253
22.06.2016 08:06:46.033 GMT+0100,6253.617,6252.25
22.06.2016 08:06:46.140 GMT+0100,6253.47,6252.47
22.06.2016 08:06:46.459 GMT+0100,6253.38,6252.38
22.06.2016 08:06:46.787 GMT+0100,6254.197,6252.49
22.06.2016 08:06:47.229 GMT+0100,6254.55,6253.55
22.06.2016 08:06:47.559 GMT+0100,6254.59,6254.49
22.06.2016 08:06:47.742 GMT+0100,6255.063,6253.59
22.06.2016 08:06:47.792 GMT+0100,6255.12,6253.76
22.06.2016 08:06:48.345 GMT+0100,6254.86,6254.5
22.06.2016 08:06:48.781 GMT+0100,6254.55,6254.45
22.06.2016 08:06:49.007 GMT+0100,6254.793,6253.38
22.06.2016 08:06:49.209 GMT+0100,6254.813,6253.44
22.06.2016 08:06:49.538 GMT+0100,6255.07,6253.61
22.06.2016 08:06:49.852 GMT+0100,6254.817,6253.45
22.06.2016 08:06:50.639 GMT+0100,6255.143,6254.13
22.06.2016 08:06:50.968 GMT+0100,6255.05,6254.05
22.06.2016 08:06:51.519 GMT+0100,6254.37,6254.27
22.06.2016 08:06:51.661 GMT+0100,6254.37,6254
22.06.2016 08:06:51.738 GMT+0100,6254.35,6254
22.06.2016 08:06:52.249 GMT+0100,6254.33,6252.99
22.06.2016 08:06:52.442 GMT+0100,6254.2,6252.8
22.06.2016 08:06:52.773 GMT+0100,6254.113,6252.74
22.06.2016 08:06:53.169 GMT+0100,6254.2,6252.8
22.06.2016 08:06:53.497 GMT+0100,6254.007,6252.72
22.06.2016 08:06:53.829 GMT+0100,6253.62,6253.5
22.06.2016 08:06:54.174 GMT+0100,6253.58,6253.3
22.06.2016 08:06:54.274 GMT+0100,6253.49,6253.3
22.06.2016 08:06:54.599 GMT+0100,6253.573,6252.12
22.06.2016 08:06:54.818 GMT+0100,6253.57,6252.11
22.06.2016 08:06:55.151 GMT+0100,6252.98,6252.8
22.06.2016 08:06:55.479 GMT+0100,6253.25,6252.8
22.06.2016 08:06:55.530 GMT+0100,6253.617,6252.25
22.06.2016 08:06:55.734 GMT+0100,6253.3,6252.3
22.06.2016 08:06:56.139 GMT+0100,6253.827,6252.48
22.06.2016 08:06:56.505 GMT+0100,6253.747,6252.44
22.06.2016 08:06:56.986 GMT+0100,6253.35,6253.25
22.06.2016 08:06:57.036 GMT+0100,6253.37,6253.27
22.06.2016 08:06:57.238 GMT+0100,6253.607,6252.22
22.06.2016 08:06:57.569 GMT+0100,6253.61,6252.23
22.06.2016 08:06:58.118 GMT+0100,6253.41,6252.41
22.06.2016 08:06:58.448 GMT+0100,6253.02,6252.8
22.06.2016 08:06:58.697 GMT+0100,6253.54,6252.02
22.06.2016 08:06:58.778 GMT+0100,6253.587,6252.16
22.06.2016 08:06:59.218 GMT+0100,6253.33,6252.33
22.06.2016 08:06:59.988 GMT+0100,6253.62,6252.26
22.06.2016 08:07:00.428 GMT+0100,6253.3,6252.3
22.06.2016 08:07:00.978 GMT+0100,6253.12,6253
22.06.2016 08:07:01.028 GMT+0100,6253.573,6252.12
22.06.2016 08:07:01.198 GMT+0100,6253.57,6252.11
22.06.2016 08:07:01.510 GMT+0100,6253.17,6253
22.06.2016 08:07:01.820 GMT+0100,6253.11,6253
22.06.2016 08:07:01.986 GMT+0100,6253.19,6253
22.06.2016 08:07:02.058 GMT+0100,6253.597,6252.19
22.06.2016 08:07:02.188 GMT+0100,6253.57,6252.11
22.06.2016 08:07:02.518 GMT+0100,6253.12,6252.3
22.06.2016 08:07:02.917 GMT+0100,6252.6,6252.5
22.06.2016 08:07:03.178 GMT+0100,6252.827,6251.48
22.06.2016 08:07:03.398 GMT+0100,6252.757,6251.47
22.06.2016 08:07:03.922 GMT+0100,6252.793,6251.38
22.06.2016 08:07:04.227 GMT+0100,6252.65,6251.65
22.06.2016 08:07:04.718 GMT+0100,6252.91,6252.8
22.06.2016 08:07:04.926 GMT+0100,6252.91,6252.5
22.06.2016 08:07:04.977 GMT+0100,6252.88,6252.5
22.06.2016 08:07:05.378 GMT+0100,6252.72,6252.5
22.06.2016 08:07:05.492 GMT+0100,6253.007,6251.72
22.06.2016 08:07:05.708 GMT+0100,6253.113,6251.74
22.06.2016 08:07:06.478 GMT+0100,6253.073,6251.62
22.06.2016 08:07:06.808 GMT+0100,6253.33,6251.99
22.06.2016 08:07:07.468 GMT+0100,6253.13,6252.13
22.06.2016 08:07:08.045 GMT+0100,6253.583,6252.15
22.06.2016 08:07:08.604 GMT+0100,6253.617,6252.25
22.06.2016 08:07:08.948 GMT+0100,6253.67,6252.67
22.06.2016 08:07:09.337 GMT+0100,6253.477,6252.13
22.06.2016 08:07:09.668 GMT+0100,6253.597,6252.19
22.06.2016 08:07:09.998 GMT+0100,6253.577,6252.13
22.06.2016 08:07:10.328 GMT+0100,6253.327,6251.88
22.06.2016 08:07:10.878 GMT+0100,6253.62,6252.26
22.06.2016 08:07:11.538 GMT+0100,6253.33,6252.33
22.06.2016 08:07:11.978 GMT+0100,6253.3,6252.3
22.06.2016 08:07:12.624 GMT+0100,6253.4,6253.3
22.06.2016 08:07:12.681 GMT+0100,6252.98,6252.8
22.06.2016 08:07:13.200 GMT+0100,6253.327,6251.98
22.06.2016 08:07:13.298 GMT+0100,6253.01,6252.01
22.06.2016 08:07:13.651 GMT+0100,6253.05,6252.05
22.06.2016 08:07:14.058 GMT+0100,6253.49,6252.49
22.06.2016 08:07:14.948 GMT+0100,6253.41,6252.41
22.06.2016 08:07:15.278 GMT+0100,6253.47,6252.47
22.06.2016 08:07:16.487 GMT+0100,6253.34,6252.34
22.06.2016 08:07:16.818 GMT+0100,6253.3,6252.3
22.06.2016 08:07:17.478 GMT+0100,6253.35,6252.35
22.06.2016 08:07:18.358 GMT+0100,6253.59,6252.59
22.06.2016 08:07:18.910 GMT+0100,6254.127,6252.78
22.06.2016 08:07:19.267 GMT+0100,6253.4,6253.3
22.06.2016 08:07:19.349 GMT+0100,6253.617,6252.25
22.06.2016 08:07:19.568 GMT+0100,6253.477,6252.13
22.06.2016 08:07:19.899 GMT+0100,6253.05,6252.95
22.06.2016 08:07:20.292 GMT+0100,6253,6252.9
22.06.2016 08:07:20.600 GMT+0100,6253.433,6252
22.06.2016 08:07:20.822 GMT+0100,6253.687,6252.26
22.06.2016 08:07:21.218 GMT+0100,6253.51,6252.51
22.06.2016 08:07:21.606 GMT+0100,6253.6,6253.5
22.06.2016 08:07:21.768 GMT+0100,6253.45,6253
22.06.2016 08:07:22.034 GMT+0100,6253.01,6252.91
22.06.2016 08:07:22.317 GMT+0100,6253.323,6251.97
22.06.2016 08:07:22.538 GMT+0100,6253.01,6252.01
22.06.2016 08:07:23.129 GMT+0100,6253.683,6252.05
22.06.2016 08:07:23.748 GMT+0100,6253.55,6252.55
22.06.2016 08:07:24.188 GMT+0100,6253.597,6252.19
22.06.2016 08:07:24.518 GMT+0100,6253.12,6253
22.06.2016 08:07:24.568 GMT+0100,6253.64,6252.12
22.06.2016 08:07:24.959 GMT+0100,6253.827,6252.38
22.06.2016 08:07:25.288 GMT+0100,6253.41,6253.3
22.06.2016 08:07:25.507 GMT+0100,6253.59,6253.3
22.06.2016 08:07:25.558 GMT+0100,6253.6,6253.5
22.06.2016 08:07:26.027 GMT+0100,6253.59,6253.3
22.06.2016 08:07:26.078 GMT+0100,6253.62,6252.26
22.06.2016 08:07:26.278 GMT+0100,6253.613,6252.24
22.06.2016 08:07:26.986 GMT+0100,6253.99,6253.8
22.06.2016 08:07:27.053 GMT+0100,6254.263,6252.99
22.06.2016 08:07:27.157 GMT+0100,6254.11,6253.11
22.06.2016 08:07:27.487 GMT+0100,6254.05,6253.05
22.06.2016 08:07:28.038 GMT+0100,6253.94,6253.8
22.06.2016 08:07:28.460 GMT+0100,6254.247,6252.94
22.06.2016 08:07:28.588 GMT+0100,6254.08,6253.08
22.06.2016 08:07:28.957 GMT+0100,6254.587,6253.16
22.06.2016 08:07:29.357 GMT+0100,6254.38,6253.38
22.06.2016 08:07:29.797 GMT+0100,6254.7,6253.7
22.06.2016 08:07:30.118 GMT+0100,6254.77,6254.5
22.06.2016 08:07:30.567 GMT+0100,6254.817,6253.45
22.06.2016 08:07:30.798 GMT+0100,6254.94,6253.52
22.06.2016 08:07:31.163 GMT+0100,6255.253,6253.66
22.06.2016 08:07:31.753 GMT+0100,6254.97,6254.8
22.06.2016 08:07:32.038 GMT+0100,6254.99,6254.8
22.06.2016 08:07:32.108 GMT+0100,6254.86,6254.76
22.06.2016 08:07:32.357 GMT+0100,6254.587,6253.16
22.06.2016 08:07:32.547 GMT+0100,6254.583,6253.15
22.06.2016 08:07:32.987 GMT+0100,6254.587,6253.16
22.06.2016 08:07:33.318 GMT+0100,6255.03,6253.99
22.06.2016 08:07:33.668 GMT+0100,6255.1,6255
22.06.2016 08:07:34.023 GMT+0100,6255.173,6255
22.06.2016 08:07:34.088 GMT+0100,6255.14,6253.92
22.06.2016 08:07:34.167 GMT+0100,6254.92,6254.5
22.06.2016 08:07:34.626 GMT+0100,6254.55,6254.45
22.06.2016 08:07:34.676 GMT+0100,6254.59,6254.3
22.06.2016 08:07:34.968 GMT+0100,6254.67,6254.3
22.06.2016 08:07:35.172 GMT+0100,6254.67,6254.5
22.06.2016 08:07:35.517 GMT+0100,6254.733,6253.4
22.06.2016 08:07:35.683 GMT+0100,6254.4,6254.3
22.06.2016 08:07:36.177 GMT+0100,6254.36,6254.26
22.06.2016 08:07:37.388 GMT+0100,6254.38,6254.28
22.06.2016 08:07:37.827 GMT+0100,6254.607,6253.22
22.06.2016 08:07:38.286 GMT+0100,6254.34,6252.92
22.06.2016 08:07:38.597 GMT+0100,6254.42,6253.42
22.06.2016 08:07:38.927 GMT+0100,6254.41,6253.41
22.06.2016 08:07:39.257 GMT+0100,6254.74,6253.42
22.06.2016 08:07:39.587 GMT+0100,6254.817,6253.45
22.06.2016 08:07:40.137 GMT+0100,6254.617,6253.25
22.06.2016 08:07:40.577 GMT+0100,6254.137,6252.61
22.06.2016 08:07:40.907 GMT+0100,6253.34,6253.24
22.06.2016 08:07:41.127 GMT+0100,6253.4,6253.3
22.06.2016 08:07:41.567 GMT+0100,6253.41,6253.3
22.06.2016 08:07:41.897 GMT+0100,6253.47,6253.3
22.06.2016 08:07:42.705 GMT+0100,6253.66,6253.3
22.06.2016 08:07:42.997 GMT+0100,6253.7,6253.3
22.06.2016 08:07:43.220 GMT+0100,6253.61,6253.3
22.06.2016 08:07:43.312 GMT+0100,6254.07,6252.61
22.06.2016 08:07:44.317 GMT+0100,6254.083,6252.65
22.06.2016 08:07:44.647 GMT+0100,6254.087,6252.66
22.06.2016 08:07:45.527 GMT+0100,6254.09,6252.67
22.06.2016 08:07:45.967 GMT+0100,6254.1,6252.7
22.06.2016 08:07:46.984 GMT+0100,6254.09,6252.67
22.06.2016 08:07:47.837 GMT+0100,6254.08,6252.64
22.06.2016 08:07:48.207 GMT+0100,6254.65,6253.65
22.06.2016 08:07:48.608 GMT+0100,6254.227,6252.88
22.06.2016 08:07:48.935 GMT+0100,6253.88,6253.5
22.06.2016 08:07:49.437 GMT+0100,6254.073,6252.62
22.06.2016 08:07:49.487 GMT+0100,6254.097,6252.69
22.06.2016 08:07:50.257 GMT+0100,6254.077,6252.63
22.06.2016 08:07:50.562 GMT+0100,6253.63,6253.5
22.06.2016 08:07:50.807 GMT+0100,6253.737,6252.41
22.06.2016 08:07:50.943 GMT+0100,6253.41,6253.3
22.06.2016 08:07:51.357 GMT+0100,6253.49,6252.17
22.06.2016 08:07:51.577 GMT+0100,6253.3,6252.3
22.06.2016 08:07:52.017 GMT+0100,6253.983,6252.35
22.06.2016 08:07:52.452 GMT+0100,6253.65,6253.3
22.06.2016 08:07:52.502 GMT+0100,6253.59,6252.17
22.06.2016 08:07:52.787 GMT+0100,6253.627,6252.28
22.06.2016 08:07:54.119 GMT+0100,6253.967,6252.3
22.06.2016 08:07:54.460 GMT+0100,6254.157,6252.67
22.06.2016 08:07:54.767 GMT+0100,6254.08,6253.08
22.06.2016 08:07:55.072 GMT+0100,6254.08,6253.8
22.06.2016 08:07:55.464 GMT+0100,6254.2,6252.8
22.06.2016 08:07:55.537 GMT+0100,6254.217,6252.85
22.06.2016 08:07:55.867 GMT+0100,6254.02,6253.02
22.06.2016 08:07:56.174 GMT+0100,6254.02,6253.8
22.06.2016 08:07:56.567 GMT+0100,6254.1,6254
22.06.2016 08:07:56.967 GMT+0100,6254.32,6252.96
22.06.2016 08:07:57.070 GMT+0100,6253.96,6253.8
22.06.2016 08:07:57.186 GMT+0100,6253.97,6253.8
22.06.2016 08:07:57.427 GMT+0100,6253.99,6253.8
22.06.2016 08:07:57.737 GMT+0100,6253.91,6253.8
22.06.2016 08:07:57.875 GMT+0100,6253.91,6252.91
22.06.2016 08:07:57.925 GMT+0100,6253.91,6253.67
22.06.2016 08:07:57.976 GMT+0100,6253.13,6252.8
22.06.2016 08:07:58.177 GMT+0100,6252.91,6252.8
22.06.2016 08:07:58.507 GMT+0100,6253.12,6251.76
22.06.2016 08:07:58.732 GMT+0100,6252.937,6251.51
22.06.2016 08:07:59.083 GMT+0100,6252.55,6252.45
22.06.2016 08:07:59.383 GMT+0100,6252.55,6252.3
22.06.2016 08:07:59.635 GMT+0100,6252.34,6252.24
22.06.2016 08:07:59.828 GMT+0100,6252.58,6252.3
22.06.2016 08:07:59.886 GMT+0100,6252.6,6252.5
22.06.2016 08:08:00.047 GMT+0100,6252.61,6252.5
22.06.2016 08:08:00.439 GMT+0100,6253.07,6251.61
22.06.2016 08:08:00.489 GMT+0100,6253.087,6251.66
22.06.2016 08:08:00.817 GMT+0100,6252.44,6251.8
22.06.2016 08:08:01.147 GMT+0100,6252.38,6251.8
22.06.2016 08:08:01.697 GMT+0100,6252.597,6251.19
22.06.2016 08:08:01.917 GMT+0100,6252.607,6251.22
22.06.2016 08:08:02.357 GMT+0100,6252.11,6251.8
22.06.2016 08:08:02.688 GMT+0100,6252.017,6250.45
22.06.2016 08:08:02.908 GMT+0100,6252.113,6250.74
22.06.2016 08:08:03.237 GMT+0100,6252.097,6250.69
22.06.2016 08:08:03.808 GMT+0100,6251.69,6251.5
22.06.2016 08:08:03.908 GMT+0100,6252.263,6250.69
22.06.2016 08:08:04.055 GMT+0100,6252.447,6250.74
22.06.2016 08:08:04.407 GMT+0100,6252.24,6251.3
22.06.2016 08:08:04.708 GMT+0100,6251.9,6251.8
22.06.2016 08:08:04.887 GMT+0100,6252.097,6250.69
22.06.2016 08:08:04.996 GMT+0100,6252.077,6250.63
22.06.2016 08:08:05.877 GMT+0100,6252.107,6250.72
22.06.2016 08:08:06.427 GMT+0100,6251.99,6250.67
22.06.2016 08:08:06.977 GMT+0100,6251.41,6250.41
22.06.2016 08:08:07.318 GMT+0100,6251.737,6250.11
22.06.2016 08:08:07.745 GMT+0100,6252.077,6250.63
22.06.2016 08:08:08.149 GMT+0100,6252.327,6250.98
22.06.2016 08:08:08.457 GMT+0100,6252.1,6250.8
22.06.2016 08:08:08.766 GMT+0100,6252.097,6250.69
22.06.2016 08:08:09.191 GMT+0100,6251.933,6250.7
22.06.2016 08:08:09.601 GMT+0100,6251.3,6251.2
22.06.2016 08:08:09.726 GMT+0100,6251.55,6251.3
22.06.2016 08:08:09.777 GMT+0100,6251.6,6251.5
22.06.2016 08:08:10.387 GMT+0100,6251.827,6250.48
22.06.2016 08:08:11.376 GMT+0100,6251.52,6250.52
22.06.2016 08:08:11.985 GMT+0100,6251.55,6250.55
22.06.2016 08:08:12.367 GMT+0100,6251.38,6251.28
22.06.2016 08:08:12.586 GMT+0100,6251.59,6250.17
22.06.2016 08:08:13.246 GMT+0100,6251.607,6250.22
22.06.2016 08:08:13.574 GMT+0100,6251.22,6251
22.06.2016 08:08:13.624 GMT+0100,6251.44,6251
22.06.2016 08:08:13.907 GMT+0100,6251.17,6251
22.06.2016 08:08:14.346 GMT+0100,6251.2,6251
22.06.2016 08:08:14.676 GMT+0100,6251.17,6251
22.06.2016 08:08:14.726 GMT+0100,6251.49,6250.17
22.06.2016 08:08:14.911 GMT+0100,6251.57,6250.11
22.06.2016 08:08:15.263 GMT+0100,6251.3,6250.5
22.06.2016 08:08:15.366 GMT+0100,6251.3,6250.3
22.06.2016 08:08:15.447 GMT+0100,6250.313,6248.84
22.06.2016 08:08:15.928 GMT+0100,6250.11,6248.73
22.06.2016 08:08:16.437 GMT+0100,6249.99,6248.99
22.06.2016 08:08:16.985 GMT+0100,6250.257,6248.77
22.06.2016 08:08:17.316 GMT+0100,6249.99,6248.99
22.06.2016 08:08:17.656 GMT+0100,6250.183,6248.75
22.06.2016 08:08:18.070 GMT+0100,6249.99,6248.99
22.06.2016 08:08:18.372 GMT+0100,6251.11,6248.73
22.06.2016 08:08:18.746 GMT+0100,6251.81,6250.81
22.06.2016 08:08:19.175 GMT+0100,6251.76,6251.5
22.06.2016 08:08:19.225 GMT+0100,6251.867,6251.5
22.06.2016 08:08:19.298 GMT+0100,6251.8,6251.3
22.06.2016 08:08:19.517 GMT+0100,6251.4,6251.3
22.06.2016 08:08:19.600 GMT+0100,6251.4,6250.4
22.06.2016 08:08:19.681 GMT+0100,6251.4,6251
22.06.2016 08:08:19.737 GMT+0100,6250.67,6250.3
22.06.2016 08:08:20.009 GMT+0100,6250.99,6250.3
22.06.2016 08:08:20.083 GMT+0100,6250.99,6250.8
22.06.2016 08:08:20.484 GMT+0100,6250.99,6250.3
22.06.2016 08:08:20.535 GMT+0100,6250.41,6249.13
22.06.2016 08:08:20.606 GMT+0100,6250.13,6249.8
22.06.2016 08:08:20.656 GMT+0100,6250.15,6249.8
22.06.2016 08:08:20.836 GMT+0100,6250.11,6248.73
22.06.2016 08:08:21.386 GMT+0100,6250.55,6249.55
22.06.2016 08:08:21.691 GMT+0100,6250.48,6250.3
22.06.2016 08:08:21.792 GMT+0100,6250.76,6249.48
22.06.2016 08:08:21.892 GMT+0100,6250.48,6250.3
22.06.2016 08:08:22.166 GMT+0100,6250.077,6248.63
22.06.2016 08:08:22.376 GMT+0100,6250.073,6248.62
22.06.2016 08:08:22.706 GMT+0100,6249.817,6248.45
22.06.2016 08:08:23.121 GMT+0100,6250.063,6248.59
22.06.2016 08:08:23.924 GMT+0100,6249.63,6249.5
22.06.2016 08:08:24.298 GMT+0100,6249.59,6249.49
22.06.2016 08:08:24.356 GMT+0100,6249.807,6248.42
22.06.2016 08:08:24.686 GMT+0100,6249.83,6248.49
22.06.2016 08:08:25.101 GMT+0100,6249.42,6249.3
22.06.2016 08:08:25.352 GMT+0100,6249.893,6248.38
22.06.2016 08:08:25.456 GMT+0100,6249.96,6248.58
22.06.2016 08:08:26.006 GMT+0100,6250.077,6248.63
22.06.2016 08:08:26.556 GMT+0100,6250.087,6248.66
22.06.2016 08:08:27.106 GMT+0100,6250.467,6248.8
22.06.2016 08:08:27.546 GMT+0100,6249.81,6248.43
22.06.2016 08:08:27.876 GMT+0100,6249.817,6248.45
22.06.2016 08:08:28.646 GMT+0100,6249.83,6248.49
22.06.2016 08:08:29.526 GMT+0100,6249.813,6248.44
22.06.2016 08:08:29.863 GMT+0100,6249.47,6249.3
22.06.2016 08:08:30.089 GMT+0100,6249.403,6248.11
22.06.2016 08:08:30.149 GMT+0100,6249.11,6248.8
22.06.2016 08:08:30.297 GMT+0100,6249.12,6247.76
22.06.2016 08:08:30.626 GMT+0100,6248.8,6247.8
22.06.2016 08:08:30.943 GMT+0100,6248.8,6248.5
22.06.2016 08:08:31.345 GMT+0100,6248.61,6248.5
22.06.2016 08:08:31.396 GMT+0100,6248.61,6248.3
22.06.2016 08:08:31.726 GMT+0100,6248.587,6247.16
22.06.2016 08:08:31.947 GMT+0100,6248.62,6247.26
22.06.2016 08:08:32.414 GMT+0100,6248.587,6247.16
22.06.2016 08:08:32.716 GMT+0100,6248.573,6247.12
22.06.2016 08:08:33.356 GMT+0100,6248.1,6248
22.06.2016 08:08:33.469 GMT+0100,6248.07,6247.8
22.06.2016 08:08:33.520 GMT+0100,6247.92,6247.8
22.06.2016 08:08:33.706 GMT+0100,6247.93,6247.8
22.06.2016 08:08:34.163 GMT+0100,6247.91,6247.8
22.06.2016 08:08:34.474 GMT+0100,6248.237,6246.91
22.06.2016 08:08:34.524 GMT+0100,6248.257,6246.97
22.06.2016 08:08:34.959 GMT+0100,6248.01,6247.01
22.06.2016 08:08:35.576 GMT+0100,6248.57,6247.11
22.06.2016 08:08:35.912 GMT+0100,6248.09,6247.8
22.06.2016 08:08:36.347 GMT+0100,6247.97,6247.8
22.06.2016 08:08:36.398 GMT+0100,6248.257,6246.97
22.06.2016 08:08:36.614 GMT+0100,6248.11,6247.11
22.06.2016 08:08:36.970 GMT+0100,6248.05,6247.8
22.06.2016 08:08:37.388 GMT+0100,6248.1,6248
22.06.2016 08:08:37.446 GMT+0100,6248.33,6246.99
22.06.2016 08:08:37.665 GMT+0100,6248.05,6247.05
22.06.2016 08:08:37.990 GMT+0100,6248.02,6247.8
22.06.2016 08:08:38.219 GMT+0100,6248.12,6246.76
22.06.2016 08:08:38.436 GMT+0100,6247.987,6246.66
22.06.2016 08:08:38.766 GMT+0100,6248.077,6246.63
22.06.2016 08:08:39.086 GMT+0100,6248.467,6246.8
22.06.2016 08:08:39.478 GMT+0100,6249.363,6247.49
22.06.2016 08:08:39.807 GMT+0100,6249.097,6247.19
22.06.2016 08:08:40.235 GMT+0100,6249.3,6248.3
22.06.2016 08:08:40.636 GMT+0100,6249.393,6247.88
22.06.2016 08:08:40.966 GMT+0100,6249.107,6247.72
22.06.2016 08:08:41.284 GMT+0100,6249.163,6247.69
22.06.2016 08:08:41.626 GMT+0100,6249.47,6248.47
22.06.2016 08:08:41.938 GMT+0100,6249.47,6249
22.06.2016 08:08:42.286 GMT+0100,6249.08,6248.98
22.06.2016 08:08:42.549 GMT+0100,6249.14,6249
22.06.2016 08:08:42.717 GMT+0100,6249.14,6248.8
22.06.2016 08:08:42.836 GMT+0100,6249.2,6248.8
22.06.2016 08:08:43.055 GMT+0100,6248.92,6248.8
22.06.2016 08:08:44.224 GMT+0100,6249.24,6247.92
22.06.2016 08:08:44.486 GMT+0100,6249.323,6247.97
22.06.2016 08:08:44.925 GMT+0100,6249.35,6249.25
22.06.2016 08:08:45.229 GMT+0100,6249.817,6248.35
22.06.2016 08:08:45.279 GMT+0100,6249.82,6248.36
22.06.2016 08:08:45.597 GMT+0100,6250.297,6248.59
22.06.2016 08:08:45.900 GMT+0100,6250.6,6250.5
22.06.2016 08:08:45.950 GMT+0100,6250.58,6250.48
22.06.2016 08:08:46.235 GMT+0100,6250.58,6250.3
22.06.2016 08:08:46.466 GMT+0100,6250.073,6248.62
22.06.2016 08:08:46.576 GMT+0100,6250.117,6248.75
22.06.2016 08:08:46.905 GMT+0100,6250.107,6248.72
22.06.2016 08:08:47.346 GMT+0100,6249.91,6248.91
22.06.2016 08:08:48.225 GMT+0100,6249.88,6248.88
22.06.2016 08:08:48.556 GMT+0100,6250.107,6248.72
22.06.2016 08:08:49.105 GMT+0100,6249.9,6248.9
22.06.2016 08:08:49.650 GMT+0100,6250.223,6248.87
22.06.2016 08:08:50.153 GMT+0100,6250.01,6249.8
22.06.2016 08:08:50.511 GMT+0100,6249.86,6249.76
22.06.2016 08:08:50.662 GMT+0100,6250.09,6248.67
22.06.2016 08:08:50.866 GMT+0100,6249.98,6248.98
22.06.2016 08:08:51.195 GMT+0100,6249.82,6248.82
22.06.2016 08:08:51.636 GMT+0100,6249.87,6248.87
22.06.2016 08:08:51.965 GMT+0100,6249.9,6248.9
22.06.2016 08:08:52.361 GMT+0100,6249.92,6249.5
22.06.2016 08:08:52.718 GMT+0100,6249.7,6249.5
22.06.2016 08:08:52.865 GMT+0100,6249.64,6249.3
22.06.2016 08:08:53.285 GMT+0100,6249.36,6249.26
22.06.2016 08:08:53.395 GMT+0100,6249.39,6249.29
22.06.2016 08:08:53.568 GMT+0100,6249.73,6248.39
22.06.2016 08:08:53.619 GMT+0100,6249.74,6248.42
22.06.2016 08:08:53.926 GMT+0100,6250.62,6249.62
22.06.2016 08:08:54.385 GMT+0100,6251.097,6249.69
22.06.2016 08:08:54.826 GMT+0100,6250.86,6249.86
22.06.2016 08:08:55.177 GMT+0100,6250.74,6250.3
22.06.2016 08:08:55.629 GMT+0100,6250.49,6250.3
22.06.2016 08:08:55.679 GMT+0100,6250.83,6249.49
22.06.2016 08:08:55.815 GMT+0100,6250.52,6249.52
22.06.2016 08:08:56.180 GMT+0100,6250.62,6249.62
22.06.2016 08:08:56.585 GMT+0100,6250.66,6249.66
22.06.2016 08:08:56.915 GMT+0100,6250.61,6249.61
22.06.2016 08:08:57.583 GMT+0100,6250.92,6249.92
22.06.2016 08:08:58.676 GMT+0100,6251.01,6250.01
22.06.2016 08:08:59.005 GMT+0100,6251.597,6250.19
22.06.2016 08:08:59.394 GMT+0100,6251.35,6250.8
22.06.2016 08:08:59.842 GMT+0100,6250.93,6250.8
22.06.2016 08:08:59.896 GMT+0100,6251.31,6249.93
22.06.2016 08:09:00.327 GMT+0100,6251.103,6249.51
22.06.2016 08:09:00.794 GMT+0100,6250.997,6249.69
22.06.2016 08:09:01.316 GMT+0100,6250.66,6250.5
22.06.2016 08:09:01.755 GMT+0100,6250.55,6250.45
22.06.2016 08:09:02.195 GMT+0100,6250.62,6250.5
22.06.2016 08:09:02.525 GMT+0100,6250.59,6250.49
22.06.2016 08:09:02.709 GMT+0100,6250.963,6249.59
22.06.2016 08:09:02.899 GMT+0100,6251.083,6249.65
22.06.2016 08:09:03.242 GMT+0100,6251.627,6250.08
22.06.2016 08:09:03.845 GMT+0100,6251.36,6250.36
22.06.2016 08:09:04.175 GMT+0100,6251.62,6250.26
22.06.2016 08:09:04.799 GMT+0100,6251.597,6250.19
22.06.2016 08:09:06.086 GMT+0100,6251.22,6250.8
22.06.2016 08:09:06.485 GMT+0100,6250.91,6250.8
22.06.2016 08:09:06.536 GMT+0100,6250.91,6250.3
22.06.2016 08:09:06.675 GMT+0100,6250.91,6250.8
22.06.2016 08:09:06.726 GMT+0100,6250.94,6250.8
22.06.2016 08:09:06.925 GMT+0100,6250.62,6249.26
22.06.2016 08:09:07.145 GMT+0100,6250.3,6249.3
22.06.2016 08:09:07.524 GMT+0100,6250.49,6249.49
22.06.2016 08:09:07.915 GMT+0100,6251.323,6249.97
22.06.2016 08:09:08.355 GMT+0100,6250.92,6250.8
22.06.2016 08:09:10.445 GMT+0100,6250.99,6250.8
22.06.2016 08:09:10.665 GMT+0100,6251.08,6250.8
22.06.2016 08:09:10.744 GMT+0100,6251.46,6250.08
22.06.2016 08:09:10.885 GMT+0100,6251.617,6250.25
22.06.2016 08:09:11.215 GMT+0100,6251.8,6250.8
22.06.2016 08:09:11.585 GMT+0100,6251.83,6251.73
22.06.2016 08:09:11.656 GMT+0100,6251.87,6251.77
22.06.2016 08:09:11.821 GMT+0100,6252.223,6250.87
22.06.2016 08:09:11.985 GMT+0100,6252.05,6251.05
22.06.2016 08:09:12.425 GMT+0100,6252.32,6251.32
22.06.2016 08:09:12.755 GMT+0100,6252.38,6251.38
22.06.2016 08:09:13.195 GMT+0100,6252.4,6251.4
22.06.2016 08:09:13.524 GMT+0100,6252.42,6251.42
22.06.2016 08:09:13.855 GMT+0100,6252.44,6251.44
22.06.2016 08:09:14.444 GMT+0100,6253.403,6252.11
22.06.2016 08:09:15.065 GMT+0100,6252.82,6252.72
22.06.2016 08:09:15.285 GMT+0100,6253.09,6251.67
22.06.2016 08:09:15.511 GMT+0100,6252.67,6252.3
22.06.2016 08:09:15.849 GMT+0100,6252.7,6252.3
22.06.2016 08:09:15.979 GMT+0100,6253.1,6251.7
22.06.2016 08:09:16.165 GMT+0100,6253.12,6251.76
22.06.2016 08:09:16.715 GMT+0100,6252.8,6251.8
22.06.2016 08:09:17.103 GMT+0100,6253.377,6251.83
22.06.2016 08:09:17.485 GMT+0100,6253.49,6252.17
22.06.2016 08:09:17.789 GMT+0100,6253.733,6252.4
22.06.2016 08:09:18.255 GMT+0100,6253.74,6252.42
22.06.2016 08:09:18.585 GMT+0100,6254.123,6252.77
22.06.2016 08:09:19.135 GMT+0100,6254.113,6252.74
22.06.2016 08:09:19.472 GMT+0100,6253.62,6253.5
22.06.2016 08:09:19.685 GMT+0100,6253.72,6253.5
22.06.2016 08:09:19.736 GMT+0100,6254.34,6252.72
22.06.2016 08:09:20.015 GMT+0100,6254.13,6253.13
22.06.2016 08:09:20.403 GMT+0100,6254.13,6254
22.06.2016 08:09:20.835 GMT+0100,6254.13,6253.8
22.06.2016 08:09:21.006 GMT+0100,6253.57,6253.3
22.06.2016 08:09:21.224 GMT+0100,6253.66,6253.3
22.06.2016 08:09:21.555 GMT+0100,6253.47,6253.3
22.06.2016 08:09:21.774 GMT+0100,6253.52,6253.3
22.06.2016 08:09:21.910 GMT+0100,6253.6,6253.5
22.06.2016 08:09:22.011 GMT+0100,6253.7,6253.5
22.06.2016 08:09:22.325 GMT+0100,6253.72,6253.5
22.06.2016 08:09:22.414 GMT+0100,6253.72,6252.8
22.06.2016 08:09:22.535 GMT+0100,6253.72,6253.3
22.06.2016 08:09:22.736 GMT+0100,6253.42,6252.8
22.06.2016 08:09:22.874 GMT+0100,6253.02,6252.8
22.06.2016 08:09:23.095 GMT+0100,6253,6251.4
22.06.2016 08:09:23.315 GMT+0100,6253.02,6252.02
22.06.2016 08:09:23.641 GMT+0100,6253.1,6253
22.06.2016 08:09:23.692 GMT+0100,6253.09,6252.99
22.06.2016 08:09:23.865 GMT+0100,6253.48,6253
22.06.2016 08:09:23.924 GMT+0100,6253.48,6253.3
22.06.2016 08:09:24.526 GMT+0100,6253.74,6252.42
22.06.2016 08:09:24.795 GMT+0100,6253.52,6252.52
22.06.2016 08:09:25.294 GMT+0100,6253.88,6252.88
22.06.2016 08:09:25.845 GMT+0100,6253.86,6252.86
22.06.2016 08:09:26.284 GMT+0100,6253.83,6252.83
22.06.2016 08:09:26.887 GMT+0100,6253.86,6252.86
22.06.2016 08:09:27.384 GMT+0100,6253.91,6252.91
22.06.2016 08:09:27.963 GMT+0100,6253.94,6252.94
22.06.2016 08:09:28.374 GMT+0100,6253.99,6252.99
22.06.2016 08:09:28.704 GMT+0100,6254,6253
22.06.2016 08:09:29.254 GMT+0100,6253.99,6252.99
22.06.2016 08:09:30.025 GMT+0100,6254.293,6252.88
22.06.2016 08:09:30.599 GMT+0100,6254.403,6252.91
22.06.2016 08:09:30.904 GMT+0100,6254.577,6253.13
22.06.2016 08:09:31.345 GMT+0100,6254.4,6253.4
22.06.2016 08:09:31.894 GMT+0100,6254.38,6253.38
22.06.2016 08:09:32.225 GMT+0100,6254.61,6253.23
22.06.2016 08:09:32.664 GMT+0100,6254.613,6253.24
22.06.2016 08:09:33.105 GMT+0100,6254.62,6253.26
22.06.2016 08:09:33.654 GMT+0100,6254.34,6253.34
22.06.2016 08:09:34.204 GMT+0100,6254.32,6253.32
22.06.2016 08:09:34.534 GMT+0100,6254.3,6253.3
22.06.2016 08:09:34.963 GMT+0100,6254.37,6253.37
22.06.2016 08:09:35.265 GMT+0100,6254,6253.8
22.06.2016 08:09:35.575 GMT+0100,6253.66,6253.3
22.06.2016 08:09:35.745 GMT+0100,6253.6,6252.2
22.06.2016 08:09:36.074 GMT+0100,6253.5,6252.5
22.06.2016 08:09:36.401 GMT+0100,6253.51,6252.51
22.06.2016 08:09:36.519 GMT+0100,6253.19,6252.3
22.06.2016 08:09:36.570 GMT+0100,6253.19,6252.8
22.06.2016 08:09:36.986 GMT+0100,6252.4,6252.3
22.06.2016 08:09:37.323 GMT+0100,6252.38,6252.28
22.06.2016 08:09:37.504 GMT+0100,6252.8,6252.3
22.06.2016 08:09:37.681 GMT+0100,6252.9,6252.8
22.06.2016 08:09:38.054 GMT+0100,6253.123,6251.77
22.06.2016 08:09:38.686 GMT+0100,6252.77,6252.5
22.06.2016 08:09:38.988 GMT+0100,6252.62,6252.5
22.06.2016 08:09:39.154 GMT+0100,6252.74,6252.5
22.06.2016 08:09:39.205 GMT+0100,6253.247,6251.74
22.06.2016 08:09:39.374 GMT+0100,6253.17,6252.17
22.06.2016 08:09:39.704 GMT+0100,6253.05,6252.05
22.06.2016 08:09:40.092 GMT+0100,6253.737,6252.11
22.06.2016 08:09:40.395 GMT+0100,6253.937,6252.51
22.06.2016 08:09:41.024 GMT+0100,6253.42,6253.3
22.06.2016 08:09:41.355 GMT+0100,6253.467,6253.2
22.06.2016 08:09:41.464 GMT+0100,6253.293,6251.78
22.06.2016 08:09:41.684 GMT+0100,6253.09,6251.67
22.06.2016 08:09:42.234 GMT+0100,6253.08,6251.64
22.06.2016 08:09:42.564 GMT+0100,6253.12,6251.76
22.06.2016 08:09:42.894 GMT+0100,6252.82,6251.82
22.06.2016 08:09:43.352 GMT+0100,6253.503,6251.91
22.06.2016 08:09:43.664 GMT+0100,6253.49,6252.49
22.06.2016 08:09:43.994 GMT+0100,6253.55,6252.55
22.06.2016 08:09:44.311 GMT+0100,6254.057,6252.57
22.06.2016 08:09:44.764 GMT+0100,6254.09,6252.67
22.06.2016 08:09:46.194 GMT+0100,6253.917,6252.45
22.06.2016 08:09:46.663 GMT+0100,6254.4,6252.9
22.06.2016 08:09:46.975 GMT+0100,6254.687,6253.26
22.06.2016 08:09:47.404 GMT+0100,6255.35,6254.35
22.06.2016 08:09:47.819 GMT+0100,6255.4,6255.3
22.06.2016 08:09:47.870 GMT+0100,6255.37,6255.27
22.06.2016 08:09:47.970 GMT+0100,6255.79,6254.37
22.06.2016 08:09:48.174 GMT+0100,6255.63,6254.63
22.06.2016 08:09:48.614 GMT+0100,6255.16,6255
22.06.2016 08:09:49.338 GMT+0100,6255.477,6254.13
22.06.2016 08:09:49.494 GMT+0100,6255.483,6254.15
22.06.2016 08:09:49.824 GMT+0100,6255.613,6254.24
22.06.2016 08:09:50.242 GMT+0100,6255.967,6254.3
22.06.2016 08:09:50.594 GMT+0100,6256.3,6255.3
22.06.2016 08:09:51.034 GMT+0100,6256.94,6255.94
22.06.2016 08:09:51.430 GMT+0100,6256.95,6255.95
22.06.2016 08:09:51.804 GMT+0100,6256.83,6255.83
22.06.2016 08:09:52.134 GMT+0100,6256.893,6255.38
22.06.2016 08:09:52.541 GMT+0100,6255.99,6255.8
22.06.2016 08:09:52.592 GMT+0100,6256.11,6255.8
22.06.2016 08:09:52.904 GMT+0100,6255.92,6255.8
22.06.2016 08:09:52.955 GMT+0100,6256.307,6254.92
22.06.2016 08:09:53.457 GMT+0100,6255.92,6255.8
22.06.2016 08:09:53.688 GMT+0100,6256.09,6254.67
22.06.2016 08:09:53.894 GMT+0100,6256.087,6254.66
22.06.2016 08:09:54.223 GMT+0100,6255.55,6255.45
22.06.2016 08:09:54.362 GMT+0100,6256.217,6254.55
22.06.2016 08:09:54.490 GMT+0100,6256.397,6254.59
22.06.2016 08:09:55.141 GMT+0100,6256.32,6255.32
22.06.2016 08:09:55.481 GMT+0100,6257.113,6255.74
22.06.2016 08:09:55.793 GMT+0100,6256.94,6255.94
22.06.2016 08:09:56.845 GMT+0100,6257.03,6256.03
22.06.2016 08:09:57.274 GMT+0100,6257.55,6256.05
22.06.2016 08:09:57.613 GMT+0100,6257.587,6256.16
22.06.2016 08:09:58.353 GMT+0100,6257.78,6256.24
22.06.2016 08:09:58.749 GMT+0100,6257.94,6256.94
22.06.2016 08:09:59.400 GMT+0100,6258,6257
22.06.2016 08:10:00.164 GMT+0100,6258.303,6256.91
22.06.2016 08:10:00.554 GMT+0100,6257.94,6256.52
22.06.2016 08:10:00.956 GMT+0100,6258.073,6256.62
22.06.2016 08:10:01.264 GMT+0100,6258.07,6256.61
22.06.2016 08:10:01.609 GMT+0100,6257.907,6256.62
22.06.2016 08:10:01.960 GMT+0100,6257.62,6257.5
22.06.2016 08:10:02.038 GMT+0100,6257.68,6257.5
22.06.2016 08:10:02.214 GMT+0100,6258.093,6256.68
22.06.2016 08:10:02.264 GMT+0100,6258.01,6257.01
22.06.2016 08:10:02.587 GMT+0100,6257.95,6256.95
22.06.2016 08:10:03.204 GMT+0100,6258.1,6256.7
22.06.2016 08:10:03.808 GMT+0100,6257.7,6257.5
22.06.2016 08:10:04.126 GMT+0100,6257.63,6257.5
22.06.2016 08:10:05.226 GMT+0100,6257.65,6257.5
22.06.2016 08:10:05.777 GMT+0100,6257.63,6257.5
22.06.2016 08:10:05.916 GMT+0100,6257.63,6257.3
22.06.2016 08:10:05.972 GMT+0100,6257.643,6257.5
22.06.2016 08:10:06.326 GMT+0100,6257.473,6256.12
22.06.2016 08:10:06.418 GMT+0100,6257.12,6257
22.06.2016 08:10:06.991 GMT+0100,6257.1,6257
22.06.2016 08:10:07.427 GMT+0100,6257.05,6256.95
22.06.2016 08:10:07.722 GMT+0100,6257.05,6256.8
22.06.2016 08:10:07.866 GMT+0100,6256.9,6256.8
22.06.2016 08:10:08.086 GMT+0100,6257.123,6255.77
22.06.2016 08:10:08.637 GMT+0100,6257,6255.4
22.06.2016 08:10:09.186 GMT+0100,6256.82,6255.82
22.06.2016 08:10:09.581 GMT+0100,6256.8,6255.8
22.06.2016 08:10:09.883 GMT+0100,6257.49,6257.3
22.06.2016 08:10:09.956 GMT+0100,6256.91,6255.91
22.06.2016 08:10:10.176 GMT+0100,6256.83,6255.83
22.06.2016 08:10:10.837 GMT+0100,6257.763,6256.49
22.06.2016 08:10:11.277 GMT+0100,6257.827,6256.48
22.06.2016 08:10:11.827 GMT+0100,6256.85,6256.75
22.06.2016 08:10:11.877 GMT+0100,6256.85,6256.5
22.06.2016 08:10:12.047 GMT+0100,6256.65,6256.5
22.06.2016 08:10:12.267 GMT+0100,6256.83,6255.49
22.06.2016 08:10:12.596 GMT+0100,6256.55,6255.55
22.06.2016 08:10:13.256 GMT+0100,6256.88,6256.78
22.06.2016 08:10:13.412 GMT+0100,6256.88,6256.3
22.06.2016 08:10:13.587 GMT+0100,6256.86,6256.3
22.06.2016 08:10:14.027 GMT+0100,6256.37,6256.27
22.06.2016 08:10:14.356 GMT+0100,6256.613,6255.24
22.06.2016 08:10:14.796 GMT+0100,6256.237,6254.61
22.06.2016 08:10:15.161 GMT+0100,6255.927,6254.68
22.06.2016 08:10:15.469 GMT+0100,6255.44,6255.3
22.06.2016 08:10:15.676 GMT+0100,6255.45,6255.3
22.06.2016 08:10:16.505 GMT+0100,6255.49,6255.3
22.06.2016 08:10:16.886 GMT+0100,6255.36,6255.26
22.06.2016 08:10:17.106 GMT+0100,6255.53,6253.99
22.06.2016 08:10:17.277 GMT+0100,6254.99,6254.5
22.06.2016 08:10:17.615 GMT+0100,6254.76,6254.5
22.06.2016 08:10:18.684 GMT+0100,6254.51,6254.3
22.06.2016 08:10:18.976 GMT+0100,6254.593,6253.18
22.06.2016 08:10:19.306 GMT+0100,6254.607,6253.22
22.06.2016 08:10:19.616 GMT+0100,6254.427,6253.18
22.06.2016 08:10:19.917 GMT+0100,6253.61,6253.3
22.06.2016 08:10:20.293 GMT+0100,6253.867,6252.3
22.06.2016 08:10:20.343 GMT+0100,6254.07,6252.61
22.06.2016 08:10:20.739 GMT+0100,6253.94,6252.94
22.06.2016 08:10:21.192 GMT+0100,6254.683,6253.25
22.06.2016 08:10:21.616 GMT+0100,6255.083,6253.65
22.06.2016 08:10:21.946 GMT+0100,6254.9,6254.3
22.06.2016 08:10:22.197 GMT+0100,6254.523,6253.27
22.06.2016 08:10:22.305 GMT+0100,6254.27,6254
22.06.2016 08:10:22.613 GMT+0100,6254.05,6253.95
22.06.2016 08:10:22.718 GMT+0100,6254.09,6253.99
22.06.2016 08:10:22.835 GMT+0100,6254.09,6253.8
22.06.2016 08:10:23.046 GMT+0100,6253.88,6253.78
22.06.2016 08:10:23.376 GMT+0100,6254.07,6252.61
22.06.2016 08:10:23.816 GMT+0100,6253.99,6252.67
22.06.2016 08:10:24.476 GMT+0100,6253.65,6253.5
22.06.2016 08:10:24.526 GMT+0100,6253.65,6253.3
22.06.2016 08:10:24.702 GMT+0100,6253.47,6253.3
22.06.2016 08:10:25.070 GMT+0100,6253.607,6252.22
22.06.2016 08:10:25.246 GMT+0100,6253.32,6252.32
22.06.2016 08:10:25.575 GMT+0100,6253.35,6253
22.06.2016 08:10:26.786 GMT+0100,6253.05,6252.95
22.06.2016 08:10:27.040 GMT+0100,6253.05,6252.8
22.06.2016 08:10:27.234 GMT+0100,6253.05,6252.05
22.06.2016 08:10:27.284 GMT+0100,6253.05,6252.783
22.06.2016 08:10:27.386 GMT+0100,6253.03,6252.03
22.06.2016 08:10:27.447 GMT+0100,6252.18,6252
22.06.2016 08:10:27.667 GMT+0100,6252.073,6250.72
22.06.2016 08:10:27.728 GMT+0100,6251.72,6251.5
22.06.2016 08:10:27.886 GMT+0100,6251.83,6250.49
22.06.2016 08:10:28.216 GMT+0100,6251.66,6250.18
22.06.2016 08:10:28.684 GMT+0100,6251.613,6250.24
22.06.2016 08:10:29.206 GMT+0100,6251.607,6250.22
22.06.2016 08:10:29.838 GMT+0100,6251.683,6250.25
22.06.2016 08:10:30.268 GMT+0100,6251.55,6250.55
22.06.2016 08:10:30.636 GMT+0100,6251.99,6251.3
22.06.2016 08:10:30.948 GMT+0100,6252.067,6250.6
22.06.2016 08:10:31.222 GMT+0100,6252.15,6250.65
22.06.2016 08:10:31.573 GMT+0100,6252.243,6250.93
22.06.2016 08:10:31.900 GMT+0100,6252.527,6250.98
22.06.2016 08:10:32.262 GMT+0100,6252.653,6251.16
22.06.2016 08:10:32.613 GMT+0100,6252.787,6251.36
22.06.2016 08:10:32.979 GMT+0100,6252.57,6252.3
22.06.2016 08:10:33.358 GMT+0100,6252.6,6252.5
22.06.2016 08:10:33.409 GMT+0100,6252.83,6251.49
22.06.2016 08:10:33.715 GMT+0100,6252.813,6251.44
22.06.2016 08:10:34.046 GMT+0100,6252.83,6251.49
22.06.2016 08:10:34.376 GMT+0100,6252.96,6251.58
22.06.2016 08:10:34.764 GMT+0100,6253.247,6251.74
22.06.2016 08:10:35.365 GMT+0100,6253.3,6251.9
22.06.2016 08:10:36.245 GMT+0100,6253.02,6252.02
22.06.2016 08:10:36.575 GMT+0100,6253.45,6252.05
22.06.2016 08:10:36.969 GMT+0100,6253.24,6252.5
22.06.2016 08:10:37.341 GMT+0100,6252.55,6252.45
22.06.2016 08:10:37.786 GMT+0100,6252.83,6251.49
22.06.2016 08:10:38.445 GMT+0100,6253.07,6251.61
22.06.2016 08:10:38.786 GMT+0100,6252.55,6252.45
22.06.2016 08:10:39.386 GMT+0100,6252.55,6252.3
22.06.2016 08:10:39.475 GMT+0100,6252.58,6252.3
22.06.2016 08:10:39.656 GMT+0100,6252.41,6252.3
22.06.2016 08:10:40.426 GMT+0100,6252.617,6251.25
22.06.2016 08:10:40.756 GMT+0100,6252.61,6251.23
22.06.2016 08:10:41.195 GMT+0100,6252.3,6251.3
22.06.2016 08:10:41.590 GMT+0100,6252.317,6250.95
22.06.2016 08:10:41.897 GMT+0100,6252.05,6251.05
22.06.2016 08:10:42.337 GMT+0100,6251.88,6251.78
22.06.2016 08:10:42.596 GMT+0100,6252.627,6250.88
22.06.2016 08:10:42.647 GMT+0100,6252.717,6251.15
22.06.2016 08:10:43.000 GMT+0100,6252.61,6251.61
22.06.2016 08:10:43.395 GMT+0100,6253.127,6251.78
22.06.2016 08:10:43.803 GMT+0100,6252.973,6252.8
22.06.2016 08:10:43.853 GMT+0100,6252.98,6252.74
22.06.2016 08:10:44.006 GMT+0100,6252.84,6252.647
22.06.2016 08:10:44.166 GMT+0100,6252.26,6251.8
22.06.2016 08:10:44.385 GMT+0100,6252.12,6251.8
22.06.2016 08:10:44.826 GMT+0100,6252.08,6251.98
22.06.2016 08:10:45.375 GMT+0100,6252.11,6252
22.06.2016 08:10:45.607 GMT+0100,6252.47,6251.11
22.06.2016 08:10:45.705 GMT+0100,6252.477,6251.13
22.06.2016 08:10:46.035 GMT+0100,6252.587,6251.16
22.06.2016 08:10:46.990 GMT+0100,6252.583,6251.15
22.06.2016 08:10:47.309 GMT+0100,6252.15,6252
22.06.2016 08:10:47.617 GMT+0100,6252.13,6252
22.06.2016 08:10:47.714 GMT+0100,6252.477,6251.13
22.06.2016 08:10:47.796 GMT+0100,6252.44,6251.44
22.06.2016 08:10:48.212 GMT+0100,6252.49,6251.49
22.06.2016 08:10:48.566 GMT+0100,6252.41,6251.41
22.06.2016 08:10:49.006 GMT+0100,6252.16,6252
22.06.2016 08:10:49.221 GMT+0100,6252.1,6251.1
22.06.2016 08:10:49.316 GMT+0100,6252.1,6251.8
22.06.2016 08:10:49.367 GMT+0100,6251.72,6251
22.06.2016 08:10:49.555 GMT+0100,6251.52,6251
22.06.2016 08:10:49.886 GMT+0100,6251.83,6250.49
22.06.2016 08:10:50.215 GMT+0100,6251.52,6250.52
22.06.2016 08:10:50.620 GMT+0100,6251.957,6250.57
22.06.2016 08:10:50.985 GMT+0100,6251.55,6251.45
22.06.2016 08:10:51.272 GMT+0100,6251.55,6251.3
22.06.2016 08:10:51.322 GMT+0100,6251.47,6251.3
22.06.2016 08:10:51.755 GMT+0100,6251.44,6251.3
22.06.2016 08:10:53.237 GMT+0100,6251.747,6250.44
22.06.2016 08:10:53.406 GMT+0100,6251.817,6250.45
22.06.2016 08:10:53.955 GMT+0100,6251.65,6250.65
22.06.2016 08:10:54.285 GMT+0100,6251.62,6250.62
22.06.2016 08:10:54.643 GMT+0100,6252.11,6250.73
22.06.2016 08:10:55.079 GMT+0100,6252.08,6251.08
22.06.2016 08:10:55.810 GMT+0100,6252.02,6251.92
22.06.2016 08:10:56.350 GMT+0100,6252.44,6251.02
22.06.2016 08:10:56.485 GMT+0100,6252.617,6251.25
22.06.2016 08:10:56.815 GMT+0100,6252.627,6251.28
22.06.2016 08:10:57.255 GMT+0100,6252.3,6251.3
22.06.2016 08:10:57.615 GMT+0100,6252.36,6251.36
22.06.2016 08:10:58.355 GMT+0100,6252.38,6251.38
22.06.2016 08:10:58.795 GMT+0100,6252.54,6251.54
22.06.2016 08:10:59.259 GMT+0100,6252.84,6251.42
22.06.2016 08:10:59.675 GMT+0100,6252.773,6251.22
22.06.2016 08:11:00.225 GMT+0100,6252.74,6251.74
22.06.2016 08:11:00.775 GMT+0100,6252.91,6251.91
22.06.2016 08:11:01.215 GMT+0100,6253.11,6252.11
22.06.2016 08:11:01.546 GMT+0100,6252.8,6251.8
22.06.2016 08:11:01.873 GMT+0100,6253.517,6251.95
22.06.2016 08:11:02.366 GMT+0100,6253.783,6252.25
22.06.2016 08:11:02.716 GMT+0100,6254,6253
22.06.2016 08:11:03.220 GMT+0100,6254.487,6253.36
22.06.2016 08:11:03.525 GMT+0100,6253.61,6253.3
22.06.2016 08:11:03.745 GMT+0100,6253.337,6251.91
22.06.2016 08:11:03.795 GMT+0100,6252.91,6252.8
22.06.2016 08:11:04.285 GMT+0100,6253.493,6251.88
22.06.2016 08:11:04.336 GMT+0100,6253.48,6252.48
22.06.2016 08:11:04.677 GMT+0100,6253.49,6252.49
22.06.2016 08:11:04.986 GMT+0100,6253.73,6252.73
22.06.2016 08:11:05.303 GMT+0100,6253.41,6253.3
22.06.2016 08:11:05.632 GMT+0100,6253.643,6252.13
22.06.2016 08:11:05.835 GMT+0100,6253.49,6252.49
22.06.2016 08:11:06.385 GMT+0100,6253.82,6252.46
22.06.2016 08:11:06.735 GMT+0100,6253.55,6252.15
22.06.2016 08:11:07.375 GMT+0100,6253.46,6252.46
22.06.2016 08:11:07.713 GMT+0100,6253.6,6253.5
22.06.2016 08:11:08.365 GMT+0100,6253.827,6252.48
22.06.2016 08:11:08.617 GMT+0100,6253.48,6253.3
22.06.2016 08:11:08.695 GMT+0100,6253.5,6253.3
22.06.2016 08:11:08.955 GMT+0100,6253.597,6252.19
22.06.2016 08:11:09.142 GMT+0100,6253.19,6253
22.06.2016 08:11:09.245 GMT+0100,6253.31,6251.93
22.06.2016 08:11:09.575 GMT+0100,6253.137,6251.61
22.06.2016 08:11:09.906 GMT+0100,6253.087,6251.66
22.06.2016 08:11:10.345 GMT+0100,6252.823,6251.47
22.06.2016 08:11:11.004 GMT+0100,6252.817,6251.45
22.06.2016 08:11:11.329 GMT+0100,6252.45,6252
22.06.2016 08:11:11.774 GMT+0100,6252.15,6252
22.06.2016 08:11:11.875 GMT+0100,6252.15,6251.8
22.06.2016 08:11:12.050 GMT+0100,6252.817,6251.15
22.06.2016 08:11:12.105 GMT+0100,6252.95,6251.55
22.06.2016 08:11:12.534 GMT+0100,6252.6,6252.5
22.06.2016 08:11:12.876 GMT+0100,6252.61,6252.5
22.06.2016 08:11:13.137 GMT+0100,6252.97,6251.61
22.06.2016 08:11:13.205 GMT+0100,6252.997,6251.69
22.06.2016 08:11:13.754 GMT+0100,6252.8,6251.8
22.06.2016 08:11:14.207 GMT+0100,6252.62,6252.5
22.06.2016 08:11:14.524 GMT+0100,6252.51,6252.41
22.06.2016 08:11:14.575 GMT+0100,6252.51,6252.3
22.06.2016 08:11:14.759 GMT+0100,6252.55,6252.3
22.06.2016 08:11:15.074 GMT+0100,6252.43,6252.3
22.06.2016 08:11:15.404 GMT+0100,6252.57,6252.3
22.06.2016 08:11:15.646 GMT+0100,6252.6,6252.5
22.06.2016 08:11:16.012 GMT+0100,6252.617,6252.45
22.06.2016 08:11:16.064 GMT+0100,6252.47,6252.3
22.06.2016 08:11:16.115 GMT+0100,6252.657,6251.47
22.06.2016 08:11:16.165 GMT+0100,6252.47,6252
22.06.2016 08:11:16.567 GMT+0100,6252.08,6251.98
22.06.2016 08:11:17.275 GMT+0100,6252.11,6252
22.06.2016 08:11:17.494 GMT+0100,6252.18,6252
22.06.2016 08:11:17.553 GMT+0100,6252.493,6251.18
22.06.2016 08:11:17.890 GMT+0100,6252.583,6251.15
22.06.2016 08:11:18.265 GMT+0100,6252.22,6252
22.06.2016 08:11:18.814 GMT+0100,6252.13,6252
22.06.2016 08:11:19.258 GMT+0100,6252.477,6251.13
22.06.2016 08:11:19.531 GMT+0100,6252.583,6251.15
22.06.2016 08:11:20.161 GMT+0100,6252.19,6252
22.06.2016 08:11:20.369 GMT+0100,6252.22,6252
22.06.2016 08:11:20.684 GMT+0100,6252.16,6252
22.06.2016 08:11:21.991 GMT+0100,6252.03,6251.93
22.06.2016 08:11:22.868 GMT+0100,6252.03,6251.8
22.06.2016 08:11:22.994 GMT+0100,6251.97,6251.8
22.06.2016 08:11:23.214 GMT+0100,6252.077,6250.63
22.06.2016 08:11:23.371 GMT+0100,6251.63,6251.3
22.06.2016 08:11:23.985 GMT+0100,6251.33,6251.23
22.06.2016 08:11:24.424 GMT+0100,6251.573,6250.12
22.06.2016 08:11:24.644 GMT+0100,6251.597,6250.19
22.06.2016 08:11:25.194 GMT+0100,6251.577,6250.13
22.06.2016 08:11:25.634 GMT+0100,6251.587,6250.16
22.06.2016 08:11:26.644 GMT+0100,6252.323,6250.37
22.06.2016 08:11:26.991 GMT+0100,6252.49,6251.49
22.06.2016 08:11:27.394 GMT+0100,6252.58,6251.58
22.06.2016 08:11:27.831 GMT+0100,6252.637,6252.5
22.06.2016 08:11:28.164 GMT+0100,6252.45,6251.05
22.06.2016 08:11:28.215 GMT+0100,6252.1,6252
22.06.2016 08:11:28.715 GMT+0100,6252.24,6252
22.06.2016 08:11:28.934 GMT+0100,6252.11,6252
22.06.2016 08:11:29.589 GMT+0100,6252.47,6251.11
22.06.2016 08:11:29.704 GMT+0100,6252.487,6251.16
22.06.2016 08:11:30.033 GMT+0100,6252.47,6251.11
22.06.2016 08:11:30.364 GMT+0100,6252.48,6251.48
22.06.2016 08:11:31.134 GMT+0100,6253.07,6251.61
22.06.2016 08:11:31.437 GMT+0100,6252.19,6251.8
22.06.2016 08:11:31.698 GMT+0100,6252.597,6251.19
22.06.2016 08:11:31.794 GMT+0100,6252.38,6251.38
22.06.2016 08:11:32.124 GMT+0100,6252.48,6251.48
22.06.2016 08:11:32.619 GMT+0100,6252.807,6251.42
22.06.2016 08:11:33.224 GMT+0100,6253.07,6251.61
22.06.2016 08:11:33.664 GMT+0100,6253.12,6251.76
22.06.2016 08:11:34.324 GMT+0100,6253.397,6252.09
22.06.2016 08:11:34.734 GMT+0100,6252.9,6252.8
22.06.2016 08:11:34.984 GMT+0100,6252.88,6252.78
22.06.2016 08:11:36.084 GMT+0100,6253.123,6251.77
22.06.2016 08:11:36.304 GMT+0100,6253.117,6251.75
22.06.2016 08:11:36.994 GMT+0100,6253.1,6251.7
22.06.2016 08:11:37.621 GMT+0100,6253.107,6251.72
22.06.2016 08:11:38.046 GMT+0100,6252.62,6252.5
