Local time,Ask,Bid
23.06.2016 08:00:00.242 GMT+0100,6306.41,6306.3
23.06.2016 08:00:00.361 GMT+0100,6306.41,6305.41
23.06.2016 08:00:00.412 GMT+0100,6306.41,6305.41
23.06.2016 08:00:00.613 GMT+0100,6312.19,6311.19
23.06.2016 08:00:00.931 GMT+0100,6312.48,6311.48
23.06.2016 08:00:01.156 GMT+0100,6312.48,6311.027
23.06.2016 08:00:01.269 GMT+0100,6311.95,6310.95
23.06.2016 08:00:01.591 GMT+0100,6311.893,6309.88
23.06.2016 08:00:01.921 GMT+0100,6313.13,6312.13
23.06.2016 08:00:02.226 GMT+0100,6313.63,6312.63
23.06.2016 08:00:02.327 GMT+0100,6313.63,6312.8
23.06.2016 08:00:02.419 GMT+0100,6312.72,6311.72
23.06.2016 08:00:02.629 GMT+0100,6312.72,6312.407
23.06.2016 08:00:02.690 GMT+0100,6313.48,6312.5
23.06.2016 08:00:02.830 GMT+0100,6313.48,6312.48
23.06.2016 08:00:03.132 GMT+0100,6312.72,6311.72
23.06.2016 08:00:03.461 GMT+0100,6313.55,6312.55
23.06.2016 08:00:03.534 GMT+0100,6313.55,6312.55
23.06.2016 08:00:03.737 GMT+0100,6313.55,6312.8
23.06.2016 08:00:03.836 GMT+0100,6313.55,6312.55
23.06.2016 08:00:03.887 GMT+0100,6313.55,6312.55
23.06.2016 08:00:04.231 GMT+0100,6313.7,6312.8
23.06.2016 08:00:04.490 GMT+0100,6313.7,6313
23.06.2016 08:00:04.541 GMT+0100,6313.7,6313.3
23.06.2016 08:00:04.591 GMT+0100,6313.88,6313.3
23.06.2016 08:00:04.642 GMT+0100,6313.88,6312.88
23.06.2016 08:00:04.890 GMT+0100,6314.13,6313.13
23.06.2016 08:00:05.245 GMT+0100,6314.26,6312.587
23.06.2016 08:00:05.347 GMT+0100,6314.26,6313.26
23.06.2016 08:00:05.440 GMT+0100,6313.13,6312.5
23.06.2016 08:00:05.491 GMT+0100,6313.13,6312.3
23.06.2016 08:00:05.849 GMT+0100,6313.88,6312.293
23.06.2016 08:00:06.000 GMT+0100,6312.76,6311.8
23.06.2016 08:00:06.307 GMT+0100,6312.99,6311.99
23.06.2016 08:00:06.357 GMT+0100,6312.99,6310.863
23.06.2016 08:00:06.430 GMT+0100,6310.63,6309.8
23.06.2016 08:00:06.769 GMT+0100,6310.22,6309.5
23.06.2016 08:00:06.955 GMT+0100,6310.22,6309.3
23.06.2016 08:00:07.005 GMT+0100,6310.38,6309.38
23.06.2016 08:00:07.310 GMT+0100,6310.81,6310
23.06.2016 08:00:07.361 GMT+0100,6310.81,6309.81
23.06.2016 08:00:07.458 GMT+0100,6310.81,6310
23.06.2016 08:00:07.659 GMT+0100,6310.72,6309.8
23.06.2016 08:00:07.854 GMT+0100,6311.05,6310.05
23.06.2016 08:00:07.905 GMT+0100,6311.05,6310.05
23.06.2016 08:00:08.212 GMT+0100,6309.98,6308.26
23.06.2016 08:00:08.565 GMT+0100,6307.63,6306.63
23.06.2016 08:00:08.867 GMT+0100,6308.13,6307.5
23.06.2016 08:00:09.169 GMT+0100,6308.13,6308
23.06.2016 08:00:09.325 GMT+0100,6308.38,6308
23.06.2016 08:00:09.380 GMT+0100,6308.38,6307.96
23.06.2016 08:00:09.470 GMT+0100,6308.38,6307.38
23.06.2016 08:00:09.571 GMT+0100,6308.38,6307.96
23.06.2016 08:00:09.840 GMT+0100,6309.18,6308.18
23.06.2016 08:00:10.060 GMT+0100,6309.13,6308.13
23.06.2016 08:00:10.111 GMT+0100,6309.13,6306.877
23.06.2016 08:00:10.325 GMT+0100,6307.01,6306.01
23.06.2016 08:00:10.712 GMT+0100,6306.38,6305.5
23.06.2016 08:00:10.778 GMT+0100,6306.38,6305.38
23.06.2016 08:00:10.830 GMT+0100,6306.05,6305.3
23.06.2016 08:00:11.180 GMT+0100,6306.01,6304.603
23.06.2016 08:00:11.381 GMT+0100,6304.72,6304
23.06.2016 08:00:11.784 GMT+0100,6304.51,6303.51
23.06.2016 08:00:11.834 GMT+0100,6304.63,6303.63
23.06.2016 08:00:11.985 GMT+0100,6304.63,6302.81
23.06.2016 08:00:12.086 GMT+0100,6302.38,6301.5
23.06.2016 08:00:12.420 GMT+0100,6301.88,6300.88
23.06.2016 08:00:12.491 GMT+0100,6301.9,6301.8
23.06.2016 08:00:12.717 GMT+0100,6302.88,6302.3
23.06.2016 08:00:12.791 GMT+0100,6302.88,6302
23.06.2016 08:00:12.992 GMT+0100,6302.88,6302.5
23.06.2016 08:00:13.193 GMT+0100,6302.88,6301.88
23.06.2016 08:00:13.471 GMT+0100,6304.28,6303.28
23.06.2016 08:00:13.522 GMT+0100,6304.28,6303.28
23.06.2016 08:00:13.967 GMT+0100,6304.63,6303.63
23.06.2016 08:00:14.017 GMT+0100,6304.63,6303.63
23.06.2016 08:00:14.068 GMT+0100,6304.03,6303.3
23.06.2016 08:00:14.198 GMT+0100,6304.03,6303.03
23.06.2016 08:00:14.350 GMT+0100,6303.88,6303
23.06.2016 08:00:14.801 GMT+0100,6303.88,6303
23.06.2016 08:00:15.106 GMT+0100,6303.63,6303.5
23.06.2016 08:00:15.157 GMT+0100,6304.38,6303.5
23.06.2016 08:00:15.305 GMT+0100,6304.38,6303.38
23.06.2016 08:00:15.453 GMT+0100,6304,6303.08
23.06.2016 08:00:15.554 GMT+0100,6304.08,6301.893
23.06.2016 08:00:15.671 GMT+0100,6302.28,6301.3
23.06.2016 08:00:16.001 GMT+0100,6302.38,6301.38
23.06.2016 08:00:16.311 GMT+0100,6302.58,6300.627
23.06.2016 08:00:16.462 GMT+0100,6300.72,6300.5
23.06.2016 08:00:16.513 GMT+0100,6300.72,6300
23.06.2016 08:00:16.613 GMT+0100,6300.72,6300.3
23.06.2016 08:00:16.663 GMT+0100,6301.13,6300.3
23.06.2016 08:00:16.714 GMT+0100,6301.13,6300.13
23.06.2016 08:00:17.017 GMT+0100,6300.79,6300.5
23.06.2016 08:00:17.344 GMT+0100,6301.1,6300.867
23.06.2016 08:00:17.446 GMT+0100,6301.1,6300.8
23.06.2016 08:00:17.651 GMT+0100,6302.38,6301.38
23.06.2016 08:00:17.720 GMT+0100,6302.38,6302
23.06.2016 08:00:17.920 GMT+0100,6302.63,6302
23.06.2016 08:00:17.971 GMT+0100,6302.63,6301.63
23.06.2016 08:00:18.121 GMT+0100,6302.63,6301.8
23.06.2016 08:00:18.250 GMT+0100,6302.38,6301.5
23.06.2016 08:00:18.317 GMT+0100,6302.38,6301.5
23.06.2016 08:00:18.624 GMT+0100,6302.72,6302.5
23.06.2016 08:00:18.819 GMT+0100,6303.26,6302.5
23.06.2016 08:00:18.869 GMT+0100,6303.26,6302.26
23.06.2016 08:00:19.071 GMT+0100,6303.38,6301.727
23.06.2016 08:00:19.300 GMT+0100,6302.13,6301.13
23.06.2016 08:00:19.630 GMT+0100,6302.13,6301.8
23.06.2016 08:00:19.731 GMT+0100,6302.967,6301.1
23.06.2016 08:00:19.782 GMT+0100,6304.38,6303.5
23.06.2016 08:00:19.933 GMT+0100,6304.38,6303.38
23.06.2016 08:00:20.033 GMT+0100,6304.13,6303.3
23.06.2016 08:00:20.084 GMT+0100,6304.13,6303.13
23.06.2016 08:00:20.335 GMT+0100,6304.13,6302.543
23.06.2016 08:00:20.522 GMT+0100,6304.1,6301.867
23.06.2016 08:00:20.838 GMT+0100,6301.22,6300.907
23.06.2016 08:00:20.950 GMT+0100,6301.63,6301
23.06.2016 08:00:21.156 GMT+0100,6301.63,6300.63
23.06.2016 08:00:21.207 GMT+0100,6301.78,6300.78
23.06.2016 08:00:21.350 GMT+0100,6301.78,6300.093
23.06.2016 08:00:21.400 GMT+0100,6300.22,6299.5
23.06.2016 08:00:21.451 GMT+0100,6300.22,6299.3
23.06.2016 08:00:21.583 GMT+0100,6300.22,6299.22
23.06.2016 08:00:21.645 GMT+0100,6300.22,6298.573
23.06.2016 08:00:21.721 GMT+0100,6300.21,6298.57
23.06.2016 08:00:22.047 GMT+0100,6300.21,6299.21
23.06.2016 08:00:22.300 GMT+0100,6299.63,6298.63
23.06.2016 08:00:22.402 GMT+0100,6299.63,6298.8
23.06.2016 08:00:22.710 GMT+0100,6299.63,6298.8
23.06.2016 08:00:22.761 GMT+0100,6299.63,6298.63
23.06.2016 08:00:22.840 GMT+0100,6299.63,6298.63
23.06.2016 08:00:23.041 GMT+0100,6299.58,6298.58
23.06.2016 08:00:23.091 GMT+0100,6299.58,6298.58
23.06.2016 08:00:23.444 GMT+0100,6299.13,6298.13
23.06.2016 08:00:23.810 GMT+0100,6300.13,6299.13
23.06.2016 08:00:23.860 GMT+0100,6300.13,6299.13
23.06.2016 08:00:24.250 GMT+0100,6300.78,6300
23.06.2016 08:00:24.363 GMT+0100,6300.78,6299.8
23.06.2016 08:00:24.529 GMT+0100,6300.78,6300
23.06.2016 08:00:24.580 GMT+0100,6300.78,6299.78
23.06.2016 08:00:24.665 GMT+0100,6300.78,6300
23.06.2016 08:00:24.851 GMT+0100,6300.78,6300
23.06.2016 08:00:24.901 GMT+0100,6300.78,6300.427
23.06.2016 08:00:25.002 GMT+0100,6300.72,6300.3
23.06.2016 08:00:25.103 GMT+0100,6300.98,6300.493
23.06.2016 08:00:25.569 GMT+0100,6301.44,6300.44
23.06.2016 08:00:25.790 GMT+0100,6301.38,6300.38
23.06.2016 08:00:25.857 GMT+0100,6301.38,6300.38
23.06.2016 08:00:25.971 GMT+0100,6301.38,6300.5
23.06.2016 08:00:26.230 GMT+0100,6301.48,6300.5
23.06.2016 08:00:26.358 GMT+0100,6301.48,6300.5
23.06.2016 08:00:26.560 GMT+0100,6301.8,6300.8
23.06.2016 08:00:26.761 GMT+0100,6301.8,6300.8
23.06.2016 08:00:26.875 GMT+0100,6301.78,6300.78
23.06.2016 08:00:26.961 GMT+0100,6301.78,6301.3
23.06.2016 08:00:27.126 GMT+0100,6302.25,6301.3
23.06.2016 08:00:27.177 GMT+0100,6302.25,6302
23.06.2016 08:00:27.464 GMT+0100,6303.05,6302.05
23.06.2016 08:00:27.565 GMT+0100,6302.88,6302
23.06.2016 08:00:27.679 GMT+0100,6302.88,6301.88
23.06.2016 08:00:27.780 GMT+0100,6302.88,6301.88
23.06.2016 08:00:28.082 GMT+0100,6302.92,6302.3
23.06.2016 08:00:28.133 GMT+0100,6301.88,6301.3
23.06.2016 08:00:28.334 GMT+0100,6303.48,6302.48
23.06.2016 08:00:28.384 GMT+0100,6303.48,6302.48
23.06.2016 08:00:28.672 GMT+0100,6303.48,6302.5
23.06.2016 08:00:28.786 GMT+0100,6303.48,6303.193
23.06.2016 08:00:29.092 GMT+0100,6303.13,6302.5
23.06.2016 08:00:29.440 GMT+0100,6303.88,6302.88
23.06.2016 08:00:29.697 GMT+0100,6303.88,6303
23.06.2016 08:00:29.892 GMT+0100,6303.88,6302.88
23.06.2016 08:00:30.216 GMT+0100,6303.88,6302.88
23.06.2016 08:00:30.278 GMT+0100,6303.88,6303.3
23.06.2016 08:00:30.329 GMT+0100,6303.9,6303.8
23.06.2016 08:00:30.395 GMT+0100,6303.88,6303.3
23.06.2016 08:00:30.581 GMT+0100,6304.327,6302.88
23.06.2016 08:00:31.291 GMT+0100,6306.63,6305.63
23.06.2016 08:00:31.510 GMT+0100,6307.05,6306.05
23.06.2016 08:00:31.729 GMT+0100,6306.76,6306
23.06.2016 08:00:32.038 GMT+0100,6306.76,6306.5
23.06.2016 08:00:32.170 GMT+0100,6307.02,6306.5
23.06.2016 08:00:32.220 GMT+0100,6307.02,6306.707
23.06.2016 08:00:32.491 GMT+0100,6307.55,6307
23.06.2016 08:00:32.542 GMT+0100,6307.55,6307.217
23.06.2016 08:00:32.713 GMT+0100,6307.55,6306.55
23.06.2016 08:00:32.830 GMT+0100,6307.63,6306.63
23.06.2016 08:00:33.271 GMT+0100,6307.72,6307
23.06.2016 08:00:33.430 GMT+0100,6307.88,6306.88
23.06.2016 08:00:33.495 GMT+0100,6307.88,6306.88
23.06.2016 08:00:33.710 GMT+0100,6307.22,6306.5
23.06.2016 08:00:33.997 GMT+0100,6307.22,6306.5
23.06.2016 08:00:34.319 GMT+0100,6307.63,6307.5
23.06.2016 08:00:34.401 GMT+0100,6307.63,6307.5
23.06.2016 08:00:34.521 GMT+0100,6308.077,6306.63
23.06.2016 08:00:34.590 GMT+0100,6308.38,6307.38
23.06.2016 08:00:34.902 GMT+0100,6308.38,6307.38
23.06.2016 08:00:34.952 GMT+0100,6309.13,6308.13
23.06.2016 08:00:35.053 GMT+0100,6309.13,6308.13
23.06.2016 08:00:35.137 GMT+0100,6309.13,6307.543
23.06.2016 08:00:35.187 GMT+0100,6309.31,6307.603
23.06.2016 08:00:35.521 GMT+0100,6307.81,6306.81
23.06.2016 08:00:35.862 GMT+0100,6307.63,6306.63
23.06.2016 08:00:35.912 GMT+0100,6307.58,6306.58
23.06.2016 08:00:35.963 GMT+0100,6307.58,6306.193
23.06.2016 08:00:36.063 GMT+0100,6307.58,6306.58
23.06.2016 08:00:36.239 GMT+0100,6306.88,6306
23.06.2016 08:00:36.460 GMT+0100,6306.81,6306
23.06.2016 08:00:36.715 GMT+0100,6306.88,6306
23.06.2016 08:00:36.866 GMT+0100,6306.88,6306.5
23.06.2016 08:00:37.010 GMT+0100,6307.24,6306.5
23.06.2016 08:00:37.213 GMT+0100,6307.24,6306.5
23.06.2016 08:00:37.450 GMT+0100,6307.93,6307
23.06.2016 08:00:37.716 GMT+0100,6307.93,6307
23.06.2016 08:00:37.780 GMT+0100,6308.05,6307.05
23.06.2016 08:00:38.873 GMT+0100,6308.05,6307.05
23.06.2016 08:00:38.995 GMT+0100,6308.11,6307.11
23.06.2016 08:00:39.319 GMT+0100,6314.34,6313.34
23.06.2016 08:00:39.370 GMT+0100,6314.34,6313.34
23.06.2016 08:00:39.420 GMT+0100,6314.34,6313.34
23.06.2016 08:00:39.649 GMT+0100,6314.05,6313.05
23.06.2016 08:00:39.787 GMT+0100,6314.05,6313.05
23.06.2016 08:00:40.253 GMT+0100,6313.38,6312.5
23.06.2016 08:00:40.303 GMT+0100,6313.38,6313
23.06.2016 08:00:40.420 GMT+0100,6314.1,6313.1
23.06.2016 08:00:40.481 GMT+0100,6314.1,6313.5
23.06.2016 08:00:40.691 GMT+0100,6314.01,6313.01
23.06.2016 08:00:40.969 GMT+0100,6314.05,6313.05
23.06.2016 08:00:41.332 GMT+0100,6314.3,6313.5
23.06.2016 08:00:41.385 GMT+0100,6314.3,6313.3
23.06.2016 08:00:41.521 GMT+0100,6315.24,6314.24
23.06.2016 08:00:41.834 GMT+0100,6315.24,6314.24
23.06.2016 08:00:42.069 GMT+0100,6315.55,6314.55
23.06.2016 08:00:42.289 GMT+0100,6315.52,6314.52
23.06.2016 08:00:42.729 GMT+0100,6315.55,6314.55
23.06.2016 08:00:43.143 GMT+0100,6315.52,6314.52
23.06.2016 08:00:43.279 GMT+0100,6315.48,6314.48
23.06.2016 08:00:43.499 GMT+0100,6315.58,6314.58
23.06.2016 08:00:43.830 GMT+0100,6315.52,6314.52
23.06.2016 08:00:44.159 GMT+0100,6315.44,6314.44
23.06.2016 08:00:44.489 GMT+0100,6315.48,6314.48
23.06.2016 08:00:44.819 GMT+0100,6315.52,6314.52
23.06.2016 08:00:45.370 GMT+0100,6315.44,6314.44
23.06.2016 08:00:45.595 GMT+0100,6315.38,6314.38
23.06.2016 08:00:45.904 GMT+0100,6314.63,6312.877
23.06.2016 08:00:46.249 GMT+0100,6312.72,6312
23.06.2016 08:00:46.541 GMT+0100,6312.72,6311.72
23.06.2016 08:00:46.592 GMT+0100,6312.48,6311.5
23.06.2016 08:00:46.752 GMT+0100,6312.48,6311.5
23.06.2016 08:00:46.910 GMT+0100,6312.55,6311.55
23.06.2016 08:00:47.130 GMT+0100,6312.58,6311.58
23.06.2016 08:00:47.349 GMT+0100,6312.47,6311.5
23.06.2016 08:00:47.509 GMT+0100,6312.47,6311.47
23.06.2016 08:00:47.680 GMT+0100,6312.33,6311.33
23.06.2016 08:00:47.730 GMT+0100,6312.33,6311.33
23.06.2016 08:00:47.900 GMT+0100,6311.83,6310.83
23.06.2016 08:00:48.114 GMT+0100,6311.83,6310.83
23.06.2016 08:00:48.229 GMT+0100,6311.58,6310.58
23.06.2016 08:00:48.451 GMT+0100,6309.22,6308.5
23.06.2016 08:00:48.711 GMT+0100,6309.95,6309
23.06.2016 08:00:48.869 GMT+0100,6310.483,6308.95
23.06.2016 08:00:48.999 GMT+0100,6311.88,6310.88
23.06.2016 08:00:49.220 GMT+0100,6312.18,6311.18
23.06.2016 08:00:49.270 GMT+0100,6312.18,6311.18
23.06.2016 08:00:49.423 GMT+0100,6312.18,6311.5
23.06.2016 08:00:49.549 GMT+0100,6311.78,6311.5
23.06.2016 08:00:49.769 GMT+0100,6312.38,6311.5
23.06.2016 08:00:49.826 GMT+0100,6312.38,6311.38
23.06.2016 08:00:49.954 GMT+0100,6312.38,6312
23.06.2016 08:00:50.005 GMT+0100,6313.48,6312.48
23.06.2016 08:00:50.228 GMT+0100,6313.48,6312.5
23.06.2016 08:00:50.539 GMT+0100,6313.22,6312.5
23.06.2016 08:00:50.729 GMT+0100,6313.22,6312.8
23.06.2016 08:00:51.188 GMT+0100,6313.98,6313
23.06.2016 08:00:51.248 GMT+0100,6314.02,6313.02
23.06.2016 08:00:51.533 GMT+0100,6314.02,6312.007
23.06.2016 08:00:51.684 GMT+0100,6313.81,6311.437
23.06.2016 08:00:52.189 GMT+0100,6311.38,6310.5
23.06.2016 08:00:52.537 GMT+0100,6311.38,6310.38
23.06.2016 08:00:52.638 GMT+0100,6311.22,6310.3
23.06.2016 08:00:52.689 GMT+0100,6311.22,6310.8
23.06.2016 08:00:52.739 GMT+0100,6311.22,6310.3
23.06.2016 08:00:52.890 GMT+0100,6312.26,6311.26
23.06.2016 08:00:53.399 GMT+0100,6312.78,6311.8
23.06.2016 08:00:53.729 GMT+0100,6312.8,6312.433
23.06.2016 08:00:53.843 GMT+0100,6312.8,6312.3
23.06.2016 08:00:54.087 GMT+0100,6313.28,6312.3
23.06.2016 08:00:54.145 GMT+0100,6313.28,6312.793
23.06.2016 08:00:54.246 GMT+0100,6313.28,6312.3
23.06.2016 08:00:54.347 GMT+0100,6313.63,6311.71
23.06.2016 08:00:54.499 GMT+0100,6313.28,6311.127
23.06.2016 08:00:54.829 GMT+0100,6311.24,6310.3
23.06.2016 08:00:55.159 GMT+0100,6311.55,6310.55
23.06.2016 08:00:55.379 GMT+0100,6311.6,6310.6
23.06.2016 08:00:55.943 GMT+0100,6311.63,6310.8
23.06.2016 08:00:56.699 GMT+0100,6312.05,6311.05
23.06.2016 08:00:57.359 GMT+0100,6311.98,6311
23.06.2016 08:00:57.409 GMT+0100,6311.98,6311
23.06.2016 08:00:57.544 GMT+0100,6311.98,6310.98
23.06.2016 08:00:57.595 GMT+0100,6313.02,6312.02
23.06.2016 08:00:57.799 GMT+0100,6313.08,6312.08
23.06.2016 08:00:58.129 GMT+0100,6313.05,6312.05
23.06.2016 08:00:58.359 GMT+0100,6313.05,6312.05
23.06.2016 08:00:58.569 GMT+0100,6312.95,6311.95
23.06.2016 08:00:58.789 GMT+0100,6312.8,6311.8
23.06.2016 08:00:59.119 GMT+0100,6312.81,6311.81
23.06.2016 08:00:59.505 GMT+0100,6312.63,6311.63
23.06.2016 08:00:59.559 GMT+0100,6312.13,6311.3
23.06.2016 08:00:59.864 GMT+0100,6312.13,6311.8
23.06.2016 08:00:59.999 GMT+0100,6312.63,6311.8
23.06.2016 08:01:00.049 GMT+0100,6312.63,6311.8
23.06.2016 08:01:00.366 GMT+0100,6312.51,6311.51
23.06.2016 08:01:00.439 GMT+0100,6312.48,6311.5
23.06.2016 08:01:00.509 GMT+0100,6312.48,6311.5
23.06.2016 08:01:00.769 GMT+0100,6312.51,6311.8
23.06.2016 08:01:00.868 GMT+0100,6312.51,6311.51
23.06.2016 08:01:01.099 GMT+0100,6312.55,6311.55
23.06.2016 08:01:01.539 GMT+0100,6312.48,6311.5
23.06.2016 08:01:01.714 GMT+0100,6312.48,6311.5
23.06.2016 08:01:02.120 GMT+0100,6312.68,6311.8
23.06.2016 08:01:02.174 GMT+0100,6312.68,6311.68
23.06.2016 08:01:02.309 GMT+0100,6312.52,6311.52
23.06.2016 08:01:02.639 GMT+0100,6312.55,6311.55
23.06.2016 08:01:04.069 GMT+0100,6312.51,6311.51
23.06.2016 08:01:04.289 GMT+0100,6312.38,6311.5
23.06.2016 08:01:04.729 GMT+0100,6312.5,6311.5
23.06.2016 08:01:04.825 GMT+0100,6312.5,6311.5
23.06.2016 08:01:05.279 GMT+0100,6312.72,6311.72
23.06.2016 08:01:05.329 GMT+0100,6312.72,6311.72
23.06.2016 08:01:05.499 GMT+0100,6312.62,6311.62
23.06.2016 08:01:05.878 GMT+0100,6312.55,6311.55
23.06.2016 08:01:05.929 GMT+0100,6312.55,6311.017
23.06.2016 08:01:06.160 GMT+0100,6310.94,6310
23.06.2016 08:01:06.831 GMT+0100,6310.94,6310
23.06.2016 08:01:07.039 GMT+0100,6311.72,6310.72
23.06.2016 08:01:07.259 GMT+0100,6311.74,6310.74
23.06.2016 08:01:07.589 GMT+0100,6311.63,6310.63
23.06.2016 08:01:07.809 GMT+0100,6311.47,6310.5
23.06.2016 08:01:08.248 GMT+0100,6311.5,6310.5
23.06.2016 08:01:08.398 GMT+0100,6311.5,6310.5
23.06.2016 08:01:08.499 GMT+0100,6310.84,6310
23.06.2016 08:01:08.639 GMT+0100,6310.84,6309.84
23.06.2016 08:01:08.799 GMT+0100,6308.45,6307.45
23.06.2016 08:01:09.102 GMT+0100,6308.45,6308
23.06.2016 08:01:09.161 GMT+0100,6307.93,6307
23.06.2016 08:01:09.460 GMT+0100,6308.93,6307.93
23.06.2016 08:01:09.899 GMT+0100,6309.05,6308.05
23.06.2016 08:01:10.009 GMT+0100,6309.03,6308.03
23.06.2016 08:01:10.698 GMT+0100,6308.98,6307.98
23.06.2016 08:01:10.809 GMT+0100,6308.98,6307.98
23.06.2016 08:01:10.889 GMT+0100,6308.67,6307.8
23.06.2016 08:01:10.939 GMT+0100,6308.67,6307.67
23.06.2016 08:01:11.016 GMT+0100,6308.67,6307.223
23.06.2016 08:01:11.219 GMT+0100,6307.38,6306.5
23.06.2016 08:01:12.339 GMT+0100,6307.44,6306.5
23.06.2016 08:01:12.667 GMT+0100,6307.48,6307
23.06.2016 08:01:12.957 GMT+0100,6307.48,6306.993
23.06.2016 08:01:15.868 GMT+0100,6307.55,6307
23.06.2016 08:01:16.075 GMT+0100,6307.58,6305.86
23.06.2016 08:01:16.229 GMT+0100,6307.58,6306.58
23.06.2016 08:01:16.330 GMT+0100,6307.58,6307
23.06.2016 08:01:16.381 GMT+0100,6307.58,6307
23.06.2016 08:01:16.531 GMT+0100,6309.09,6308.09
23.06.2016 08:01:16.829 GMT+0100,6309.1,6308.1
23.06.2016 08:01:17.234 GMT+0100,6309.1,6308.3
23.06.2016 08:01:17.335 GMT+0100,6309.07,6308.07
23.06.2016 08:01:17.435 GMT+0100,6309.07,6308.07
23.06.2016 08:01:17.818 GMT+0100,6308.47,6307.47
23.06.2016 08:01:17.979 GMT+0100,6308.47,6307.5
23.06.2016 08:01:18.038 GMT+0100,6309.47,6308.47
23.06.2016 08:01:18.581 GMT+0100,6309.47,6308.47
23.06.2016 08:01:18.640 GMT+0100,6309.47,6309
23.06.2016 08:01:19.029 GMT+0100,6310.05,6309.05
23.06.2016 08:01:19.084 GMT+0100,6310.05,6309.05
23.06.2016 08:01:19.470 GMT+0100,6310.93,6310
23.06.2016 08:01:19.585 GMT+0100,6310.93,6310
23.06.2016 08:01:19.686 GMT+0100,6310.93,6310
23.06.2016 08:01:19.745 GMT+0100,6310.93,6309.9
23.06.2016 08:01:19.798 GMT+0100,6310.72,6309.72
23.06.2016 08:01:20.055 GMT+0100,6310.72,6308.607
23.06.2016 08:01:20.129 GMT+0100,6309.88,6308.327
23.06.2016 08:01:20.461 GMT+0100,6309.55,6308.8
23.06.2016 08:01:20.942 GMT+0100,6309.63,6308.8
23.06.2016 08:01:21.108 GMT+0100,6309.63,6308.63
23.06.2016 08:01:21.229 GMT+0100,6309.58,6308.58
23.06.2016 08:01:21.353 GMT+0100,6309.58,6308.58
23.06.2016 08:01:21.896 GMT+0100,6309.58,6308.58
23.06.2016 08:01:22.108 GMT+0100,6309.55,6308.55
23.06.2016 08:01:22.357 GMT+0100,6309.6,6309.35
23.06.2016 08:01:22.439 GMT+0100,6309.05,6308.5
23.06.2016 08:01:22.658 GMT+0100,6310.45,6309.45
23.06.2016 08:01:22.810 GMT+0100,6310.45,6309.45
23.06.2016 08:01:22.878 GMT+0100,6310.05,6309.05
23.06.2016 08:01:23.303 GMT+0100,6310.05,6309.05
23.06.2016 08:01:23.648 GMT+0100,6309.98,6309
23.06.2016 08:01:23.805 GMT+0100,6309.98,6309
23.06.2016 08:01:23.978 GMT+0100,6310.05,6309.05
23.06.2016 08:01:24.528 GMT+0100,6309.95,6309
23.06.2016 08:01:25.169 GMT+0100,6309.95,6308.95
23.06.2016 08:01:25.299 GMT+0100,6309.63,6308.63
23.06.2016 08:01:25.518 GMT+0100,6309.43,6308.5
23.06.2016 08:01:25.784 GMT+0100,6309.43,6307.843
23.06.2016 08:01:25.848 GMT+0100,6308.18,6307.3
23.06.2016 08:01:26.178 GMT+0100,6308.38,6307.5
23.06.2016 08:01:26.728 GMT+0100,6308.31,6307.5
23.06.2016 08:01:27.721 GMT+0100,6308.24,6307.5
23.06.2016 08:01:27.785 GMT+0100,6308.24,6307.24
23.06.2016 08:01:27.939 GMT+0100,6307.98,6307
23.06.2016 08:01:28.268 GMT+0100,6308.05,6307.05
23.06.2016 08:01:28.489 GMT+0100,6307.98,6307
23.06.2016 08:01:28.643 GMT+0100,6307.98,6307
23.06.2016 08:01:28.694 GMT+0100,6307.98,6306.98
23.06.2016 08:01:28.794 GMT+0100,6308.78,6308.5
23.06.2016 08:01:29.039 GMT+0100,6309.38,6308.5
23.06.2016 08:01:29.090 GMT+0100,6309.38,6308.8
23.06.2016 08:01:30.490 GMT+0100,6309.68,6309
23.06.2016 08:01:30.584 GMT+0100,6310.05,6309.05
23.06.2016 08:01:30.635 GMT+0100,6310.05,6309.3
23.06.2016 08:01:30.692 GMT+0100,6310.05,6309.05
23.06.2016 08:01:30.798 GMT+0100,6310.13,6309.13
23.06.2016 08:01:31.019 GMT+0100,6309.76,6308.8
23.06.2016 08:01:31.093 GMT+0100,6309.76,6309
23.06.2016 08:01:31.459 GMT+0100,6309.88,6309
23.06.2016 08:01:31.594 GMT+0100,6309.88,6309.5
23.06.2016 08:01:31.678 GMT+0100,6310.48,6309.5
23.06.2016 08:01:31.736 GMT+0100,6310.48,6309.5
23.06.2016 08:01:32.065 GMT+0100,6310.55,6309.55
23.06.2016 08:01:32.115 GMT+0100,6310.55,6309.55
23.06.2016 08:01:32.196 GMT+0100,6310.55,6309.55
23.06.2016 08:01:32.505 GMT+0100,6310.55,6309.55
23.06.2016 08:01:32.669 GMT+0100,6310.28,6309.3
23.06.2016 08:01:32.739 GMT+0100,6310.28,6309.3
23.06.2016 08:01:33.053 GMT+0100,6310.26,6309.26
23.06.2016 08:01:33.242 GMT+0100,6310.26,6309.26
23.06.2016 08:01:33.328 GMT+0100,6309.72,6309
23.06.2016 08:01:33.658 GMT+0100,6309.76,6309.5
23.06.2016 08:01:34.115 GMT+0100,6310.33,6309.8
23.06.2016 08:01:34.245 GMT+0100,6310.33,6309.8
23.06.2016 08:01:34.947 GMT+0100,6310.63,6309.8
23.06.2016 08:01:34.998 GMT+0100,6310.73,6309.8
23.06.2016 08:01:35.048 GMT+0100,6310.73,6309.73
23.06.2016 08:01:35.198 GMT+0100,6309.95,6309
23.06.2016 08:01:35.315 GMT+0100,6309.95,6308.95
23.06.2016 08:01:35.528 GMT+0100,6309.55,6308.55
23.06.2016 08:01:35.628 GMT+0100,6309.55,6308.55
23.06.2016 08:01:35.717 GMT+0100,6309.55,6308.017
23.06.2016 08:01:35.767 GMT+0100,6309.33,6308.33
23.06.2016 08:01:36.111 GMT+0100,6308.33,6308
23.06.2016 08:01:36.303 GMT+0100,6309.01,6308.01
23.06.2016 08:01:36.518 GMT+0100,6308.88,6308
23.06.2016 08:01:36.848 GMT+0100,6308.84,6308
23.06.2016 08:01:37.155 GMT+0100,6308.84,6308
23.06.2016 08:01:37.566 GMT+0100,6308.95,6308.3
23.06.2016 08:01:38.225 GMT+0100,6309.05,6308.8
23.06.2016 08:01:38.278 GMT+0100,6309.63,6308.8
23.06.2016 08:01:38.328 GMT+0100,6309.63,6309
23.06.2016 08:01:38.608 GMT+0100,6309.88,6309
23.06.2016 08:01:38.658 GMT+0100,6309.88,6308.88
23.06.2016 08:01:38.938 GMT+0100,6309.38,6308.5
23.06.2016 08:01:39.231 GMT+0100,6309.48,6308.5
23.06.2016 08:01:39.708 GMT+0100,6309.38,6308.5
23.06.2016 08:01:40.038 GMT+0100,6309.58,6308.8
23.06.2016 08:01:40.330 GMT+0100,6309.63,6308.63
23.06.2016 08:01:40.381 GMT+0100,6309.63,6308.63
23.06.2016 08:01:40.478 GMT+0100,6309.55,6308.55
23.06.2016 08:01:40.918 GMT+0100,6309.17,6308.5
23.06.2016 08:01:41.032 GMT+0100,6309.17,6308.17
23.06.2016 08:01:41.164 GMT+0100,6308.93,6308
23.06.2016 08:01:41.233 GMT+0100,6308.93,6308.3
23.06.2016 08:01:41.434 GMT+0100,6308.93,6308
23.06.2016 08:01:41.485 GMT+0100,6308.97,6308
23.06.2016 08:01:41.578 GMT+0100,6308.88,6308
23.06.2016 08:01:41.908 GMT+0100,6308.65,6307.65
23.06.2016 08:01:42.458 GMT+0100,6308.6,6307.6
23.06.2016 08:01:42.678 GMT+0100,6308.65,6307.65
23.06.2016 08:01:43.228 GMT+0100,6308.98,6308
23.06.2016 08:01:43.374 GMT+0100,6308.98,6308
23.06.2016 08:01:43.668 GMT+0100,6309.08,6308.3
23.06.2016 08:01:43.875 GMT+0100,6309.08,6308.3
23.06.2016 08:01:44.378 GMT+0100,6309.08,6308.727
23.06.2016 08:01:45.380 GMT+0100,6309.47,6308.8
23.06.2016 08:01:45.481 GMT+0100,6309.63,6309
23.06.2016 08:01:46.282 GMT+0100,6309.98,6309
23.06.2016 08:01:46.360 GMT+0100,6309.98,6308.98
23.06.2016 08:01:46.528 GMT+0100,6309.78,6308.78
23.06.2016 08:01:46.748 GMT+0100,6309.17,6308.5
23.06.2016 08:01:47.077 GMT+0100,6309.61,6308.61
23.06.2016 08:01:47.518 GMT+0100,6309.55,6308.55
23.06.2016 08:01:47.787 GMT+0100,6309.55,6308.55
23.06.2016 08:01:48.178 GMT+0100,6310.2,6309.3
23.06.2016 08:01:48.618 GMT+0100,6310.31,6309.31
23.06.2016 08:01:49.608 GMT+0100,6310.28,6309.3
23.06.2016 08:01:50.048 GMT+0100,6310.25,6309.3
23.06.2016 08:01:50.374 GMT+0100,6310.25,6309.3
23.06.2016 08:01:50.695 GMT+0100,6310.34,6309.34
23.06.2016 08:01:50.795 GMT+0100,6310.31,6309.31
23.06.2016 08:01:51.600 GMT+0100,6310.31,6309.31
23.06.2016 08:01:51.918 GMT+0100,6310.63,6309.63
23.06.2016 08:01:51.971 GMT+0100,6310.63,6309.8
23.06.2016 08:01:52.028 GMT+0100,6310.34,6309.8
23.06.2016 08:01:52.359 GMT+0100,6310.48,6309.5
23.06.2016 08:01:52.489 GMT+0100,6310.48,6309.48
23.06.2016 08:01:52.573 GMT+0100,6310.48,6309.5
23.06.2016 08:01:52.623 GMT+0100,6310.55,6309.55
23.06.2016 08:01:53.127 GMT+0100,6310.51,6309.51
23.06.2016 08:01:55.107 GMT+0100,6310.57,6309.57
23.06.2016 08:01:55.328 GMT+0100,6310.53,6309.53
23.06.2016 08:01:55.768 GMT+0100,6310.51,6309.51
23.06.2016 08:01:55.879 GMT+0100,6310.51,6309.51
23.06.2016 08:01:55.988 GMT+0100,6310.34,6309.34
23.06.2016 08:01:56.080 GMT+0100,6310.34,6309.5
23.06.2016 08:01:56.538 GMT+0100,6310.8,6310
23.06.2016 08:01:57.399 GMT+0100,6310.8,6310
23.06.2016 08:01:57.574 GMT+0100,6310.84,6310
23.06.2016 08:01:57.683 GMT+0100,6310.84,6309.84
23.06.2016 08:01:57.858 GMT+0100,6310.63,6309.8
23.06.2016 08:01:58.077 GMT+0100,6310.68,6309.8
23.06.2016 08:01:58.408 GMT+0100,6310.63,6309.8
23.06.2016 08:01:58.627 GMT+0100,6311.09,6310.09
23.06.2016 08:01:58.684 GMT+0100,6311.09,6310.3
23.06.2016 08:01:58.885 GMT+0100,6311.09,6310.09
23.06.2016 08:01:58.957 GMT+0100,6310.97,6310
23.06.2016 08:01:59.177 GMT+0100,6311.05,6310.05
23.06.2016 08:01:59.658 GMT+0100,6310.84,6309.84
23.06.2016 08:01:59.838 GMT+0100,6310.77,6309.8
23.06.2016 08:02:00.134 GMT+0100,6310.77,6309.8
23.06.2016 08:02:00.490 GMT+0100,6310.92,6310
23.06.2016 08:02:00.791 GMT+0100,6310.77,6309.8
23.06.2016 08:02:00.939 GMT+0100,6310.82,6309.82
23.06.2016 08:02:01.381 GMT+0100,6310.73,6309.8
23.06.2016 08:02:01.708 GMT+0100,6311.05,6310.05
23.06.2016 08:02:01.995 GMT+0100,6311.05,6310.3
23.06.2016 08:02:02.298 GMT+0100,6311.01,6310.01
23.06.2016 08:02:02.368 GMT+0100,6311.55,6310.55
23.06.2016 08:02:02.697 GMT+0100,6311.05,6310.05
23.06.2016 08:02:03.028 GMT+0100,6311.07,6310.07
23.06.2016 08:02:03.449 GMT+0100,6311.07,6310.07
23.06.2016 08:02:03.802 GMT+0100,6311.13,6310.13
23.06.2016 08:02:03.853 GMT+0100,6311.13,6310.13
23.06.2016 08:02:03.914 GMT+0100,6311.16,6310.16
23.06.2016 08:02:04.239 GMT+0100,6310.7,6309.7
23.06.2016 08:02:04.458 GMT+0100,6310.68,6309.68
23.06.2016 08:02:04.677 GMT+0100,6310.61,6309.61
23.06.2016 08:02:04.727 GMT+0100,6310.61,6309.8
23.06.2016 08:02:04.808 GMT+0100,6310.61,6309.61
23.06.2016 08:02:05.096 GMT+0100,6310.65,6309.65
23.06.2016 08:02:05.227 GMT+0100,6310.62,6309.62
23.06.2016 08:02:05.310 GMT+0100,6310.62,6309.8
23.06.2016 08:02:05.611 GMT+0100,6310.58,6309.8
23.06.2016 08:02:05.878 GMT+0100,6310.68,6309.8
23.06.2016 08:02:05.928 GMT+0100,6310.68,6309.68
23.06.2016 08:02:05.998 GMT+0100,6310.57,6309.57
23.06.2016 08:02:06.161 GMT+0100,6310.57,6309.19
23.06.2016 08:02:06.328 GMT+0100,6309.45,6308.45
23.06.2016 08:02:06.648 GMT+0100,6308.88,6308
23.06.2016 08:02:06.878 GMT+0100,6310.22,6309.22
23.06.2016 08:02:07.069 GMT+0100,6310.22,6309.22
23.06.2016 08:02:07.317 GMT+0100,6310.51,6309.51
23.06.2016 08:02:07.772 GMT+0100,6310.51,6309.51
23.06.2016 08:02:08.028 GMT+0100,6310.45,6309.5
23.06.2016 08:02:08.274 GMT+0100,6310.45,6309.5
23.06.2016 08:02:08.527 GMT+0100,6310.51,6309.51
23.06.2016 08:02:08.776 GMT+0100,6310.51,6309.51
23.06.2016 08:02:09.517 GMT+0100,6310.98,6309.98
23.06.2016 08:02:09.847 GMT+0100,6310.78,6309.8
23.06.2016 08:02:10.177 GMT+0100,6310.63,6309.8
23.06.2016 08:02:10.727 GMT+0100,6310.97,6310
23.06.2016 08:02:10.998 GMT+0100,6310.88,6310
23.06.2016 08:02:11.090 GMT+0100,6310.88,6310
23.06.2016 08:02:11.232 GMT+0100,6310.88,6309.88
23.06.2016 08:02:11.497 GMT+0100,6310.45,6309.5
23.06.2016 08:02:11.717 GMT+0100,6310.38,6309.5
23.06.2016 08:02:12.157 GMT+0100,6310.45,6309.5
23.06.2016 08:02:12.597 GMT+0100,6310.45,6309.45
23.06.2016 08:02:12.647 GMT+0100,6310.45,6309.45
23.06.2016 08:02:12.707 GMT+0100,6309.98,6309.3
23.06.2016 08:02:12.927 GMT+0100,6310.38,6309.5
23.06.2016 08:02:13.139 GMT+0100,6310.38,6309.38
23.06.2016 08:02:13.257 GMT+0100,6310.28,6309.3
23.06.2016 08:02:13.393 GMT+0100,6310.28,6309.3
23.06.2016 08:02:14.397 GMT+0100,6310.08,6309.3
23.06.2016 08:02:14.541 GMT+0100,6310.08,6309.08
23.06.2016 08:02:14.592 GMT+0100,6309.97,6309
23.06.2016 08:02:14.742 GMT+0100,6309.97,6309.3
23.06.2016 08:02:15.127 GMT+0100,6310.05,6309.3
23.06.2016 08:02:15.402 GMT+0100,6310.05,6309.783
23.06.2016 08:02:15.555 GMT+0100,6310.58,6310
23.06.2016 08:02:15.677 GMT+0100,6311.11,6310.11
23.06.2016 08:02:16.007 GMT+0100,6310.92,6310
23.06.2016 08:02:16.227 GMT+0100,6311,6310
23.06.2016 08:02:16.447 GMT+0100,6310.88,6310
23.06.2016 08:02:16.908 GMT+0100,6310.88,6309.88
23.06.2016 08:02:17.009 GMT+0100,6310.22,6309.22
23.06.2016 08:02:17.059 GMT+0100,6310.22,6309.5
23.06.2016 08:02:17.399 GMT+0100,6310.55,6310
23.06.2016 08:02:18.213 GMT+0100,6310.77,6310
23.06.2016 08:02:18.264 GMT+0100,6310.77,6309.8
23.06.2016 08:02:18.816 GMT+0100,6310.55,6309.8
23.06.2016 08:02:18.977 GMT+0100,6310.38,6309.5
23.06.2016 08:02:19.307 GMT+0100,6310.48,6309.5
23.06.2016 08:02:19.528 GMT+0100,6310.43,6309.5
23.06.2016 08:02:19.747 GMT+0100,6310.48,6309.5
23.06.2016 08:02:20.407 GMT+0100,6310.43,6309.5
23.06.2016 08:02:20.737 GMT+0100,6310.47,6309.5
23.06.2016 08:02:21.067 GMT+0100,6310.38,6309.5
23.06.2016 08:02:21.287 GMT+0100,6310.47,6309.5
23.06.2016 08:02:21.507 GMT+0100,6310.43,6309.5
23.06.2016 08:02:22.126 GMT+0100,6310.43,6309.5
23.06.2016 08:02:22.497 GMT+0100,6310.53,6309.8
23.06.2016 08:02:23.431 GMT+0100,6310.45,6309.8
23.06.2016 08:02:23.482 GMT+0100,6310.45,6309.5
23.06.2016 08:02:25.941 GMT+0100,6310.18,6309.5
23.06.2016 08:02:25.991 GMT+0100,6310.18,6309.18
23.06.2016 08:02:26.042 GMT+0100,6310.08,6309.08
23.06.2016 08:02:26.347 GMT+0100,6309.98,6309
23.06.2016 08:02:26.443 GMT+0100,6309.98,6309
23.06.2016 08:02:27.277 GMT+0100,6309.83,6309
23.06.2016 08:02:27.328 GMT+0100,6309.83,6309.5
23.06.2016 08:02:27.448 GMT+0100,6310.43,6309.5
23.06.2016 08:02:27.499 GMT+0100,6310.43,6308.827
23.06.2016 08:02:27.777 GMT+0100,6307.63,6307
23.06.2016 08:02:28.107 GMT+0100,6306.83,6306
23.06.2016 08:02:28.329 GMT+0100,6307.11,6306.11
23.06.2016 08:02:28.550 GMT+0100,6307.05,6306.05
23.06.2016 08:02:29.102 GMT+0100,6307.02,6306.02
23.06.2016 08:02:29.152 GMT+0100,6307.02,6306.02
23.06.2016 08:02:29.461 GMT+0100,6306.6,6306.5
23.06.2016 08:02:29.512 GMT+0100,6306.6,6306.233
23.06.2016 08:02:29.690 GMT+0100,6306.94,6306
23.06.2016 08:02:29.791 GMT+0100,6306.94,6305.94
23.06.2016 08:02:29.867 GMT+0100,6307.43,6306.43
23.06.2016 08:02:30.087 GMT+0100,6306.81,6305.81
23.06.2016 08:02:30.293 GMT+0100,6306.81,6305.81
23.06.2016 08:02:30.394 GMT+0100,6306.81,6305.81
23.06.2016 08:02:30.517 GMT+0100,6306.66,6305.66
23.06.2016 08:02:30.568 GMT+0100,6306.52,6305.52
23.06.2016 08:02:30.857 GMT+0100,6306.35,6305.35
23.06.2016 08:02:30.970 GMT+0100,6306.35,6305.35
23.06.2016 08:02:31.406 GMT+0100,6306.94,6306
23.06.2016 08:02:31.700 GMT+0100,6306.94,6305.94
23.06.2016 08:02:31.851 GMT+0100,6306.67,6305.67
23.06.2016 08:02:31.902 GMT+0100,6306.67,6304.723
23.06.2016 08:02:32.067 GMT+0100,6305.05,6304.05
23.06.2016 08:02:32.375 GMT+0100,6304.33,6303.5
23.06.2016 08:02:32.837 GMT+0100,6304.22,6303.5
23.06.2016 08:02:34.341 GMT+0100,6304.13,6303.13
23.06.2016 08:02:34.594 GMT+0100,6304.03,6303.03
23.06.2016 08:02:34.645 GMT+0100,6303.81,6302.81
23.06.2016 08:02:35.045 GMT+0100,6303.33,6302.5
23.06.2016 08:02:35.097 GMT+0100,6303.33,6302.5
23.06.2016 08:02:35.476 GMT+0100,6303.63,6302.8
23.06.2016 08:02:35.807 GMT+0100,6303.68,6302.68
23.06.2016 08:02:36.200 GMT+0100,6303.65,6302.8
23.06.2016 08:02:36.604 GMT+0100,6303.51,6302.8
23.06.2016 08:02:36.671 GMT+0100,6303.51,6302.51
23.06.2016 08:02:36.797 GMT+0100,6303.6,6302.6
23.06.2016 08:02:37.153 GMT+0100,6304.58,6304
23.06.2016 08:02:37.537 GMT+0100,6304.95,6304
23.06.2016 08:02:38.748 GMT+0100,6304.84,6304
23.06.2016 08:02:38.859 GMT+0100,6304.84,6303.84
23.06.2016 08:02:38.917 GMT+0100,6304.25,6303.5
23.06.2016 08:02:39.136 GMT+0100,6304.08,6303.5
23.06.2016 08:02:39.773 GMT+0100,6304.08,6303.08
23.06.2016 08:02:39.824 GMT+0100,6304.1,6303.1
23.06.2016 08:02:40.017 GMT+0100,6303.45,6302.5
23.06.2016 08:02:40.163 GMT+0100,6303.45,6302.8
23.06.2016 08:02:40.464 GMT+0100,6303.71,6302.71
23.06.2016 08:02:40.615 GMT+0100,6303.68,6302.68
23.06.2016 08:02:40.727 GMT+0100,6303.68,6302.68
23.06.2016 08:02:40.787 GMT+0100,6303.38,6302.5
23.06.2016 08:02:41.887 GMT+0100,6303.18,6302.5
23.06.2016 08:02:42.270 GMT+0100,6303.18,6302.18
23.06.2016 08:02:42.378 GMT+0100,6302.43,6301.5
23.06.2016 08:02:42.471 GMT+0100,6302.43,6301.43
23.06.2016 08:02:42.585 GMT+0100,6302.38,6301.38
23.06.2016 08:02:42.672 GMT+0100,6302.38,6301.38
23.06.2016 08:02:42.877 GMT+0100,6301.83,6301
23.06.2016 08:02:43.138 GMT+0100,6301.83,6301
23.06.2016 08:02:43.640 GMT+0100,6301.94,6301
23.06.2016 08:02:43.777 GMT+0100,6301.94,6300.94
23.06.2016 08:02:43.866 GMT+0100,6301.55,6300.55
23.06.2016 08:02:44.086 GMT+0100,6301.6,6300.6
23.06.2016 08:02:44.142 GMT+0100,6301.6,6300.6
23.06.2016 08:02:44.384 GMT+0100,6301.6,6301
23.06.2016 08:02:44.434 GMT+0100,6302.02,6301.02
23.06.2016 08:02:44.644 GMT+0100,6302.02,6301.02
23.06.2016 08:02:45.076 GMT+0100,6302.61,6301.61
23.06.2016 08:02:45.516 GMT+0100,6302.68,6301.68
23.06.2016 08:02:46.050 GMT+0100,6302.98,6302.3
23.06.2016 08:02:46.286 GMT+0100,6303.44,6302.5
23.06.2016 08:02:46.385 GMT+0100,6303.44,6302.44
23.06.2016 08:02:46.946 GMT+0100,6303.31,6302.31
23.06.2016 08:02:47.276 GMT+0100,6303.32,6302.32
23.06.2016 08:02:47.819 GMT+0100,6303.32,6302.32
23.06.2016 08:02:47.939 GMT+0100,6303.57,6302.57
23.06.2016 08:02:48.376 GMT+0100,6303.52,6302.52
23.06.2016 08:02:48.926 GMT+0100,6303.45,6302.5
23.06.2016 08:02:49.291 GMT+0100,6303.41,6302.41
23.06.2016 08:02:49.476 GMT+0100,6303.32,6302.32
23.06.2016 08:02:49.694 GMT+0100,6303.32,6302.8
23.06.2016 08:02:50.136 GMT+0100,6303.77,6302.8
23.06.2016 08:02:50.187 GMT+0100,6303.77,6302.8
23.06.2016 08:02:50.295 GMT+0100,6303.77,6302.77
23.06.2016 08:02:50.467 GMT+0100,6304.1,6303.1
23.06.2016 08:02:50.666 GMT+0100,6304.1,6303.1
23.06.2016 08:02:50.717 GMT+0100,6304.84,6303.84
23.06.2016 08:02:50.906 GMT+0100,6304.78,6303.78
23.06.2016 08:02:51.170 GMT+0100,6304.78,6303.78
23.06.2016 08:02:51.236 GMT+0100,6304.83,6303.83
23.06.2016 08:02:51.572 GMT+0100,6303.83,6303.5
23.06.2016 08:02:51.677 GMT+0100,6305.13,6304.13
23.06.2016 08:02:51.728 GMT+0100,6305.13,6304.5
23.06.2016 08:02:52.608 GMT+0100,6305.25,6304.783
23.06.2016 08:02:52.827 GMT+0100,6305.48,6304.5
23.06.2016 08:02:52.909 GMT+0100,6305.48,6304.48
23.06.2016 08:02:53.082 GMT+0100,6305.48,6304.48
23.06.2016 08:02:53.326 GMT+0100,6305.26,6304.3
23.06.2016 08:02:53.661 GMT+0100,6305.26,6304.26
23.06.2016 08:02:53.767 GMT+0100,6304.76,6303.8
23.06.2016 08:02:53.912 GMT+0100,6304.76,6303.76
23.06.2016 08:02:54.136 GMT+0100,6304.63,6303.63
23.06.2016 08:02:54.316 GMT+0100,6304.26,6303.5
23.06.2016 08:02:54.536 GMT+0100,6304.33,6303.5
23.06.2016 08:02:55.015 GMT+0100,6304.33,6303.33
23.06.2016 08:02:55.086 GMT+0100,6304.26,6303.26
23.06.2016 08:02:55.219 GMT+0100,6304.26,6303.26
23.06.2016 08:02:55.319 GMT+0100,6303.76,6302.8
23.06.2016 08:02:55.492 GMT+0100,6303.76,6302.8
23.06.2016 08:02:55.967 GMT+0100,6304.34,6303.5
23.06.2016 08:02:57.033 GMT+0100,6304.38,6303.38
23.06.2016 08:02:57.084 GMT+0100,6304.21,6303.21
23.06.2016 08:02:57.286 GMT+0100,6304.01,6303.01
23.06.2016 08:02:57.501 GMT+0100,6304.01,6303.01
23.06.2016 08:02:58.338 GMT+0100,6304.01,6303.01
23.06.2016 08:02:58.389 GMT+0100,6303.88,6302.88
23.06.2016 08:02:58.606 GMT+0100,6303.61,6302.61
23.06.2016 08:02:58.739 GMT+0100,6303.61,6302.8
23.06.2016 08:02:59.309 GMT+0100,6303.58,6302.8
23.06.2016 08:02:59.359 GMT+0100,6303.58,6302.58
23.06.2016 08:02:59.436 GMT+0100,6303.5,6302.5
23.06.2016 08:02:59.486 GMT+0100,6303.5,6302.5
23.06.2016 08:02:59.766 GMT+0100,6303.31,6302.31
23.06.2016 08:02:59.841 GMT+0100,6303.31,6302.5
23.06.2016 08:02:59.986 GMT+0100,6303.5,6302.5
23.06.2016 08:03:00.313 GMT+0100,6303.5,6302.5
23.06.2016 08:03:00.815 GMT+0100,6303.74,6302.74
23.06.2016 08:03:00.866 GMT+0100,6303.38,6302.5
23.06.2016 08:03:02.956 GMT+0100,6303.36,6302.5
23.06.2016 08:03:03.152 GMT+0100,6303.36,6302.36
23.06.2016 08:03:03.276 GMT+0100,6303.36,6302.5
23.06.2016 08:03:03.617 GMT+0100,6303.81,6302.81
23.06.2016 08:03:03.837 GMT+0100,6303.78,6302.8
23.06.2016 08:03:04.157 GMT+0100,6303.51,6303
23.06.2016 08:03:04.258 GMT+0100,6303.51,6302.8
23.06.2016 08:03:04.308 GMT+0100,6303.83,6302.83
23.06.2016 08:03:04.533 GMT+0100,6303.83,6302.83
23.06.2016 08:03:04.665 GMT+0100,6303.8,6302.8
23.06.2016 08:03:04.759 GMT+0100,6303.8,6302.8
23.06.2016 08:03:04.827 GMT+0100,6303.55,6302.55
23.06.2016 08:03:04.877 GMT+0100,6303.55,6303
23.06.2016 08:03:05.486 GMT+0100,6303.78,6303
23.06.2016 08:03:06.565 GMT+0100,6303.75,6302.75
23.06.2016 08:03:06.641 GMT+0100,6303.75,6302.75
23.06.2016 08:03:06.692 GMT+0100,6303.75,6302.75
23.06.2016 08:03:06.767 GMT+0100,6303.75,6302.75
23.06.2016 08:03:06.817 GMT+0100,6303.21,6302.5
23.06.2016 08:03:07.026 GMT+0100,6303.44,6302.5
23.06.2016 08:03:07.076 GMT+0100,6303.44,6302.44
23.06.2016 08:03:07.356 GMT+0100,6303.18,6302.3
23.06.2016 08:03:07.469 GMT+0100,6303.18,6302.18
23.06.2016 08:03:07.796 GMT+0100,6303.13,6302.13
23.06.2016 08:03:08.126 GMT+0100,6303.19,6302.19
23.06.2016 08:03:08.346 GMT+0100,6303.05,6302.05
23.06.2016 08:03:08.572 GMT+0100,6303.05,6302.3
23.06.2016 08:03:08.678 GMT+0100,6303.1,6302.3
23.06.2016 08:03:08.796 GMT+0100,6303.08,6302.3
23.06.2016 08:03:09.126 GMT+0100,6303.18,6302.3
23.06.2016 08:03:09.346 GMT+0100,6303.38,6302.5
23.06.2016 08:03:09.456 GMT+0100,6303.38,6302.5
23.06.2016 08:03:09.957 GMT+0100,6303.46,6302.5
23.06.2016 08:03:10.008 GMT+0100,6303.55,6302.8
23.06.2016 08:03:10.761 GMT+0100,6303.67,6302.8
23.06.2016 08:03:10.811 GMT+0100,6303.67,6303
23.06.2016 08:03:11.464 GMT+0100,6303.82,6303
23.06.2016 08:03:11.965 GMT+0100,6303.79,6303
23.06.2016 08:03:12.329 GMT+0100,6303.85,6303.5
23.06.2016 08:03:12.499 GMT+0100,6303.93,6303.477
23.06.2016 08:03:12.756 GMT+0100,6304.51,6303.51
23.06.2016 08:03:12.976 GMT+0100,6304.44,6303.5
23.06.2016 08:03:13.415 GMT+0100,6304.48,6303.5
23.06.2016 08:03:13.673 GMT+0100,6304.48,6303.5
23.06.2016 08:03:14.296 GMT+0100,6304.63,6303.8
23.06.2016 08:03:14.640 GMT+0100,6304.67,6304
23.06.2016 08:03:14.846 GMT+0100,6305.1,6304.1
23.06.2016 08:03:15.492 GMT+0100,6305.1,6304.1
23.06.2016 08:03:15.543 GMT+0100,6304.92,6303.92
23.06.2016 08:03:15.726 GMT+0100,6304.77,6303.8
23.06.2016 08:03:15.893 GMT+0100,6304.77,6304
23.06.2016 08:03:16.056 GMT+0100,6305.07,6304.07
23.06.2016 08:03:16.385 GMT+0100,6305.02,6304.02
23.06.2016 08:03:16.716 GMT+0100,6304.95,6304
23.06.2016 08:03:16.936 GMT+0100,6305.02,6304.02
23.06.2016 08:03:16.986 GMT+0100,6305.02,6304.02
23.06.2016 08:03:17.303 GMT+0100,6305.27,6304.8
23.06.2016 08:03:17.506 GMT+0100,6305.27,6304.79
23.06.2016 08:03:17.898 GMT+0100,6305.53,6304.53
23.06.2016 08:03:17.991 GMT+0100,6305.53,6304.53
23.06.2016 08:03:18.041 GMT+0100,6305.59,6304.59
23.06.2016 08:03:18.400 GMT+0100,6305.34,6304.8
23.06.2016 08:03:18.801 GMT+0100,6305.65,6304.65
23.06.2016 08:03:18.996 GMT+0100,6305.65,6304.65
23.06.2016 08:03:21.005 GMT+0100,6305.38,6304.5
23.06.2016 08:03:21.308 GMT+0100,6305.42,6305.3
23.06.2016 08:03:21.508 GMT+0100,6305.95,6305.3
23.06.2016 08:03:21.809 GMT+0100,6305.98,6305.5
23.06.2016 08:03:22.010 GMT+0100,6306.27,6305.5
23.06.2016 08:03:22.105 GMT+0100,6306.63,6305.63
23.06.2016 08:03:22.545 GMT+0100,6306.41,6305.5
23.06.2016 08:03:22.765 GMT+0100,6306.48,6305.5
23.06.2016 08:03:23.095 GMT+0100,6306.41,6305.5
23.06.2016 08:03:23.412 GMT+0100,6306.41,6305.41
23.06.2016 08:03:23.462 GMT+0100,6306.31,6305.31
23.06.2016 08:03:23.613 GMT+0100,6306.31,6305.31
23.06.2016 08:03:23.664 GMT+0100,6305.8,6305.3
23.06.2016 08:03:23.975 GMT+0100,6306.16,6305.3
23.06.2016 08:03:24.415 GMT+0100,6306.19,6305.3
23.06.2016 08:03:24.623 GMT+0100,6306.19,6305.3
23.06.2016 08:03:25.405 GMT+0100,6306.38,6305.5
23.06.2016 08:03:25.456 GMT+0100,6306.38,6305.5
23.06.2016 08:03:25.520 GMT+0100,6306.38,6305.8
23.06.2016 08:03:25.621 GMT+0100,6306.38,6305.5
23.06.2016 08:03:25.933 GMT+0100,6306.43,6305.5
23.06.2016 08:03:26.336 GMT+0100,6306.3,6305.5
23.06.2016 08:03:26.424 GMT+0100,6306.3,6305.3
23.06.2016 08:03:26.506 GMT+0100,6305.88,6304.88
23.06.2016 08:03:26.726 GMT+0100,6304.63,6303.63
23.06.2016 08:03:26.927 GMT+0100,6304.63,6304.377
23.06.2016 08:03:27.056 GMT+0100,6305.28,6304.5
23.06.2016 08:03:27.386 GMT+0100,6305.38,6304.5
23.06.2016 08:03:27.716 GMT+0100,6305.3,6304.5
23.06.2016 08:03:27.826 GMT+0100,6305.31,6304.5
23.06.2016 08:03:28.102 GMT+0100,6305.42,6304.5
23.06.2016 08:03:28.485 GMT+0100,6305.38,6304.5
23.06.2016 08:03:28.706 GMT+0100,6305.44,6304.5
23.06.2016 08:03:28.943 GMT+0100,6305.44,6304.5
23.06.2016 08:03:29.255 GMT+0100,6305.51,6304.8
23.06.2016 08:03:29.805 GMT+0100,6306.05,6305.3
23.06.2016 08:03:29.857 GMT+0100,6306.05,6305.05
23.06.2016 08:03:29.947 GMT+0100,6306.05,6305.05
23.06.2016 08:03:30.025 GMT+0100,6305.98,6305
23.06.2016 08:03:30.465 GMT+0100,6305.93,6305
23.06.2016 08:03:30.788 GMT+0100,6305.93,6304.9
23.06.2016 08:03:30.839 GMT+0100,6305.88,6304.293
23.06.2016 08:03:31.015 GMT+0100,6304.33,6303.8
23.06.2016 08:03:31.066 GMT+0100,6304.33,6303.5
23.06.2016 08:03:31.322 GMT+0100,6304.33,6303.5
23.06.2016 08:03:31.757 GMT+0100,6304.34,6303.947
23.06.2016 08:03:31.807 GMT+0100,6305.02,6304.02
23.06.2016 08:03:31.858 GMT+0100,6305.02,6304.3
23.06.2016 08:03:32.166 GMT+0100,6305.16,6304.3
23.06.2016 08:03:32.561 GMT+0100,6305.58,6304.58
23.06.2016 08:03:33.365 GMT+0100,6305.58,6304.58
23.06.2016 08:03:33.546 GMT+0100,6306.13,6305.3
23.06.2016 08:03:33.765 GMT+0100,6306.21,6305.3
23.06.2016 08:03:33.867 GMT+0100,6306.21,6305.3
23.06.2016 08:03:34.176 GMT+0100,6306.18,6306
23.06.2016 08:03:34.371 GMT+0100,6306.2,6305.9
23.06.2016 08:03:34.663 GMT+0100,6306.67,6305.67
23.06.2016 08:03:34.757 GMT+0100,6306.51,6305.51
23.06.2016 08:03:34.863 GMT+0100,6306.51,6305.003
23.06.2016 08:03:35.085 GMT+0100,6305.68,6304.68
23.06.2016 08:03:35.878 GMT+0100,6305.61,6304.61
23.06.2016 08:03:36.117 GMT+0100,6305.48,6304.5
23.06.2016 08:03:36.380 GMT+0100,6305.34,6304.5
23.06.2016 08:03:37.368 GMT+0100,6305.38,6304.38
23.06.2016 08:03:37.419 GMT+0100,6305.05,6304.3
23.06.2016 08:03:37.771 GMT+0100,6305.05,6304.8
23.06.2016 08:03:37.887 GMT+0100,6305.05,6304.717
23.06.2016 08:03:38.216 GMT+0100,6305.58,6305.3
23.06.2016 08:03:38.389 GMT+0100,6305.58,6305.227
23.06.2016 08:03:38.495 GMT+0100,6306.31,6305.31
23.06.2016 08:03:38.936 GMT+0100,6306.3,6305.3
23.06.2016 08:03:39.424 GMT+0100,6306.28,6305.3
23.06.2016 08:03:39.815 GMT+0100,6306.13,6305.3
23.06.2016 08:03:40.145 GMT+0100,6306.3,6305.3
23.06.2016 08:03:40.475 GMT+0100,6306.32,6305.32
23.06.2016 08:03:40.695 GMT+0100,6306.29,6305.3
23.06.2016 08:03:41.162 GMT+0100,6306.3,6305.3
23.06.2016 08:03:41.355 GMT+0100,6306.28,6305.3
23.06.2016 08:03:41.681 GMT+0100,6306.5,6305.5
23.06.2016 08:03:41.919 GMT+0100,6306,6305
23.06.2016 08:03:42.083 GMT+0100,6306,6305.3
23.06.2016 08:03:42.385 GMT+0100,6306.78,6305.78
23.06.2016 08:03:42.435 GMT+0100,6306.78,6305.78
23.06.2016 08:03:42.486 GMT+0100,6305.88,6305
23.06.2016 08:03:42.536 GMT+0100,6305.88,6305.3
23.06.2016 08:03:42.587 GMT+0100,6305.88,6304.88
23.06.2016 08:03:42.795 GMT+0100,6306.98,6305.98
23.06.2016 08:03:43.009 GMT+0100,6306.98,6305.98
23.06.2016 08:03:43.345 GMT+0100,6307.26,6306.26
23.06.2016 08:03:43.565 GMT+0100,6306.94,6305.94
23.06.2016 08:03:43.816 GMT+0100,6307.05,6306.05
23.06.2016 08:03:44.215 GMT+0100,6307.05,6306.05
23.06.2016 08:03:44.314 GMT+0100,6307.05,6306.5
23.06.2016 08:03:44.818 GMT+0100,6307.33,6306.5
23.06.2016 08:03:44.868 GMT+0100,6307.33,6306.8
23.06.2016 08:03:44.919 GMT+0100,6307.36,6306.36
23.06.2016 08:03:45.113 GMT+0100,6308.51,6307.51
23.06.2016 08:03:45.220 GMT+0100,6308.51,6307.51
23.06.2016 08:03:45.435 GMT+0100,6308.34,6307.34
23.06.2016 08:03:45.622 GMT+0100,6308.34,6307.34
23.06.2016 08:03:45.673 GMT+0100,6308.21,6307.21
23.06.2016 08:03:45.822 GMT+0100,6308.21,6307.3
23.06.2016 08:03:45.872 GMT+0100,6308.21,6307.21
23.06.2016 08:03:45.923 GMT+0100,6308.05,6307.05
23.06.2016 08:03:46.024 GMT+0100,6308.05,6307.05
23.06.2016 08:03:46.095 GMT+0100,6307.83,6306.83
23.06.2016 08:03:46.145 GMT+0100,6307.83,6307.3
23.06.2016 08:03:46.263 GMT+0100,6307.83,6307
23.06.2016 08:03:46.374 GMT+0100,6307.83,6306.83
23.06.2016 08:03:46.426 GMT+0100,6307.96,6306.96
23.06.2016 08:03:46.645 GMT+0100,6307.77,6306.8
23.06.2016 08:03:46.975 GMT+0100,6307.76,6306.8
23.06.2016 08:03:47.305 GMT+0100,6307.68,6306.8
23.06.2016 08:03:48.295 GMT+0100,6307.58,6306.8
23.06.2016 08:03:48.731 GMT+0100,6307.58,6306.58
23.06.2016 08:03:49.033 GMT+0100,6307.55,6306.55
23.06.2016 08:03:49.084 GMT+0100,6306.48,6306.26
23.06.2016 08:03:49.134 GMT+0100,6306.48,6305.5
23.06.2016 08:03:49.285 GMT+0100,6307.01,6306.01
23.06.2016 08:03:49.335 GMT+0100,6307.01,6306.3
23.06.2016 08:03:49.615 GMT+0100,6307.1,6306.3
23.06.2016 08:03:49.666 GMT+0100,6307.1,6306.1
23.06.2016 08:03:49.737 GMT+0100,6307.1,6306.3
23.06.2016 08:03:49.835 GMT+0100,6306.33,6306.23
23.06.2016 08:03:49.938 GMT+0100,6306.33,6305.33
23.06.2016 08:03:50.165 GMT+0100,6307.13,6306.13
23.06.2016 08:03:50.390 GMT+0100,6307.43,6306.43
23.06.2016 08:03:50.605 GMT+0100,6307.27,6306.3
23.06.2016 08:03:50.655 GMT+0100,6307.27,6306.5
23.06.2016 08:03:51.043 GMT+0100,6307.38,6306.38
23.06.2016 08:03:51.093 GMT+0100,6307.38,6306.38
23.06.2016 08:03:51.147 GMT+0100,6307.38,6306.38
23.06.2016 08:03:51.198 GMT+0100,6306.88,6305.88
23.06.2016 08:03:51.326 GMT+0100,6306.88,6305.88
23.06.2016 08:03:51.377 GMT+0100,6306.21,6305.21
23.06.2016 08:03:51.453 GMT+0100,6306.21,6305.5
23.06.2016 08:03:51.704 GMT+0100,6306.44,6305.5
23.06.2016 08:03:51.926 GMT+0100,6306.33,6305.5
23.06.2016 08:03:52.365 GMT+0100,6306.28,6305.5
23.06.2016 08:03:52.694 GMT+0100,6306.43,6305.8
23.06.2016 08:03:52.850 GMT+0100,6306.43,6305.43
23.06.2016 08:03:52.915 GMT+0100,6306.76,6305.76
23.06.2016 08:03:52.965 GMT+0100,6306.76,6305.76
23.06.2016 08:03:53.245 GMT+0100,6306.18,6305.3
23.06.2016 08:03:53.465 GMT+0100,6305.95,6305.3
23.06.2016 08:03:53.672 GMT+0100,6305.95,6304.95
23.06.2016 08:03:53.723 GMT+0100,6306.01,6305.01
23.06.2016 08:03:53.905 GMT+0100,6306.34,6305.5
23.06.2016 08:03:54.062 GMT+0100,6306.34,6305.5
23.06.2016 08:03:54.966 GMT+0100,6306.34,6305.5
23.06.2016 08:03:55.067 GMT+0100,6306.28,6305.793
23.06.2016 08:03:55.495 GMT+0100,6306.68,6305.8
23.06.2016 08:03:55.558 GMT+0100,6306.68,6305.68
23.06.2016 08:03:55.775 GMT+0100,6306.5,6305.5
23.06.2016 08:03:55.995 GMT+0100,6306.41,6305.5
23.06.2016 08:03:56.325 GMT+0100,6306.44,6305.5
23.06.2016 08:03:56.545 GMT+0100,6306.38,6305.5
23.06.2016 08:03:56.885 GMT+0100,6306.17,6305.17
23.06.2016 08:03:57.163 GMT+0100,6305.71,6304.8
23.06.2016 08:03:57.364 GMT+0100,6305.71,6305
23.06.2016 08:03:57.865 GMT+0100,6305.94,6305
23.06.2016 08:03:58.882 GMT+0100,6305.84,6305
23.06.2016 08:03:58.973 GMT+0100,6305.84,6305.5
23.06.2016 08:03:59.386 GMT+0100,6306.08,6305.5
23.06.2016 08:04:00.287 GMT+0100,6306.38,6305.5
23.06.2016 08:04:00.373 GMT+0100,6306.38,6305.38
23.06.2016 08:04:00.505 GMT+0100,6306.05,6305.3
23.06.2016 08:04:01.775 GMT+0100,6306.05,6305.05
23.06.2016 08:04:02.399 GMT+0100,6306.02,6305.02
23.06.2016 08:04:02.484 GMT+0100,6305.95,6305
23.06.2016 08:04:03.096 GMT+0100,6305.95,6305
23.06.2016 08:04:03.898 GMT+0100,6306.08,6305.3
23.06.2016 08:04:04.041 GMT+0100,6306.08,6305.08
23.06.2016 08:04:04.150 GMT+0100,6306.02,6305.02
23.06.2016 08:04:04.364 GMT+0100,6305.81,6304.81
23.06.2016 08:04:04.584 GMT+0100,6305.76,6304.8
23.06.2016 08:04:05.503 GMT+0100,6305.76,6304.8
23.06.2016 08:04:06.005 GMT+0100,6305.82,6304.82
23.06.2016 08:04:06.234 GMT+0100,6305.77,6304.8
23.06.2016 08:04:06.564 GMT+0100,6305.73,6304.8
23.06.2016 08:04:07.013 GMT+0100,6305.73,6305
23.06.2016 08:04:07.115 GMT+0100,6306.02,6305.02
23.06.2016 08:04:07.184 GMT+0100,6306.02,6305.02
23.06.2016 08:04:07.285 GMT+0100,6306.02,6304.507
23.06.2016 08:04:07.335 GMT+0100,6304.95,6304
23.06.2016 08:04:07.664 GMT+0100,6304.8,6304
23.06.2016 08:04:07.987 GMT+0100,6304.8,6303.8
23.06.2016 08:04:08.105 GMT+0100,6304.33,6303.5
23.06.2016 08:04:08.325 GMT+0100,6304.43,6303.5
23.06.2016 08:04:08.460 GMT+0100,6304.43,6303.8
23.06.2016 08:04:08.705 GMT+0100,6304.55,6303.55
23.06.2016 08:04:08.805 GMT+0100,6304.55,6303.55
23.06.2016 08:04:08.875 GMT+0100,6303.98,6303
23.06.2016 08:04:09.002 GMT+0100,6303.98,6303.5
23.06.2016 08:04:09.424 GMT+0100,6304.43,6303.5
23.06.2016 08:04:09.624 GMT+0100,6304.43,6303.5
23.06.2016 08:04:09.751 GMT+0100,6304.43,6303.8
23.06.2016 08:04:10.085 GMT+0100,6305.21,6304.3
23.06.2016 08:04:10.464 GMT+0100,6305.18,6304.3
23.06.2016 08:04:10.515 GMT+0100,6305.18,6304.5
23.06.2016 08:04:11.200 GMT+0100,6305.42,6305
23.06.2016 08:04:11.404 GMT+0100,6305.83,6305
23.06.2016 08:04:11.502 GMT+0100,6305.83,6304.83
23.06.2016 08:04:11.624 GMT+0100,6305.3,6304.5
23.06.2016 08:04:11.904 GMT+0100,6305.3,6305
23.06.2016 08:04:12.084 GMT+0100,6305.52,6305
23.06.2016 08:04:12.184 GMT+0100,6305.52,6304.007
23.06.2016 08:04:12.284 GMT+0100,6304.46,6303.5
23.06.2016 08:04:12.739 GMT+0100,6304.42,6303.5
23.06.2016 08:04:13.082 GMT+0100,6303.78,6303.293
23.06.2016 08:04:13.451 GMT+0100,6304.38,6303.5
23.06.2016 08:04:13.744 GMT+0100,6304.38,6303.5
23.06.2016 08:04:13.834 GMT+0100,6304.38,6303.38
23.06.2016 08:04:13.934 GMT+0100,6304.26,6303.3
23.06.2016 08:04:14.035 GMT+0100,6304.26,6303.8
23.06.2016 08:04:14.193 GMT+0100,6304.77,6304
23.06.2016 08:04:14.246 GMT+0100,6304.77,6304
23.06.2016 08:04:14.337 GMT+0100,6304.77,6303.8
23.06.2016 08:04:14.437 GMT+0100,6304.77,6303.77
23.06.2016 08:04:14.488 GMT+0100,6304.67,6303.67
23.06.2016 08:04:14.648 GMT+0100,6304.67,6303.67
23.06.2016 08:04:14.704 GMT+0100,6304.26,6303.3
23.06.2016 08:04:14.755 GMT+0100,6304.26,6303.26
23.06.2016 08:04:14.924 GMT+0100,6303.84,6303
23.06.2016 08:04:15.251 GMT+0100,6303.84,6303
23.06.2016 08:04:15.584 GMT+0100,6304.52,6303.52
23.06.2016 08:04:15.914 GMT+0100,6304.46,6303.5
23.06.2016 08:04:16.244 GMT+0100,6304.46,6303.46
23.06.2016 08:04:16.545 GMT+0100,6304.05,6303.5
23.06.2016 08:04:16.595 GMT+0100,6304.08,6303.5
23.06.2016 08:04:16.757 GMT+0100,6304.08,6303.5
23.06.2016 08:04:17.394 GMT+0100,6304.3,6304
23.06.2016 08:04:17.564 GMT+0100,6304.98,6304
23.06.2016 08:04:17.762 GMT+0100,6304.98,6304
23.06.2016 08:04:17.812 GMT+0100,6305.05,6304.05
23.06.2016 08:04:17.950 GMT+0100,6305.05,6304.5
23.06.2016 08:04:18.334 GMT+0100,6305.78,6305
23.06.2016 08:04:18.385 GMT+0100,6305.78,6304.8
23.06.2016 08:04:18.664 GMT+0100,6305.84,6304.84
23.06.2016 08:04:20.072 GMT+0100,6305.84,6304.84
23.06.2016 08:04:20.205 GMT+0100,6306.07,6305.07
23.06.2016 08:04:20.362 GMT+0100,6306.07,6305.07
23.06.2016 08:04:20.534 GMT+0100,6305.84,6304.84
23.06.2016 08:04:21.576 GMT+0100,6305.84,6304.84
23.06.2016 08:04:21.854 GMT+0100,6306.11,6305.11
23.06.2016 08:04:22.261 GMT+0100,6306.11,6305.11
23.06.2016 08:04:22.311 GMT+0100,6305.83,6304.83
23.06.2016 08:04:22.362 GMT+0100,6305.83,6304.83
23.06.2016 08:04:22.624 GMT+0100,6304.8,6304
23.06.2016 08:04:22.954 GMT+0100,6304.77,6304
23.06.2016 08:04:23.005 GMT+0100,6304.77,6303.8
23.06.2016 08:04:23.064 GMT+0100,6305.51,6304.51
23.06.2016 08:04:23.388 GMT+0100,6305.51,6304.51
23.06.2016 08:04:23.465 GMT+0100,6305.51,6305
23.06.2016 08:04:24.189 GMT+0100,6305.94,6305
23.06.2016 08:04:24.267 GMT+0100,6305.94,6305.8
23.06.2016 08:04:24.604 GMT+0100,6306.51,6305.8
23.06.2016 08:04:24.690 GMT+0100,6306.51,6305.8
23.06.2016 08:04:25.571 GMT+0100,6306.44,6305.44
23.06.2016 08:04:25.622 GMT+0100,6306.48,6305.48
23.06.2016 08:04:25.723 GMT+0100,6306.48,6305.8
23.06.2016 08:04:25.925 GMT+0100,6308.33,6307.33
23.06.2016 08:04:26.165 GMT+0100,6308.55,6307.55
23.06.2016 08:04:26.474 GMT+0100,6308.31,6307.31
23.06.2016 08:04:26.695 GMT+0100,6308.28,6307.3
23.06.2016 08:04:27.074 GMT+0100,6308.13,6307.3
23.06.2016 08:04:27.844 GMT+0100,6308.01,6307.3
23.06.2016 08:04:27.894 GMT+0100,6308.01,6307.5
23.06.2016 08:04:29.185 GMT+0100,6308.28,6307.8
23.06.2016 08:04:29.235 GMT+0100,6308.73,6307.8
23.06.2016 08:04:29.534 GMT+0100,6308.73,6307.8
23.06.2016 08:04:30.016 GMT+0100,6308.71,6307.8
23.06.2016 08:04:30.088 GMT+0100,6308.71,6308.27
23.06.2016 08:04:30.554 GMT+0100,6309.32,6308.32
23.06.2016 08:04:30.689 GMT+0100,6309.32,6308.8
23.06.2016 08:04:30.914 GMT+0100,6309.53,6308.8
23.06.2016 08:04:31.020 GMT+0100,6309.53,6308.8
23.06.2016 08:04:31.341 GMT+0100,6309.85,6308.85
23.06.2016 08:04:31.522 GMT+0100,6309.85,6308.85
23.06.2016 08:04:31.654 GMT+0100,6309.27,6308.3
23.06.2016 08:04:31.984 GMT+0100,6308.36,6308.153
23.06.2016 08:04:32.301 GMT+0100,6308.36,6307.36
23.06.2016 08:04:32.451 GMT+0100,6306.67,6305.8
23.06.2016 08:04:32.698 GMT+0100,6306.67,6306.49
23.06.2016 08:04:32.754 GMT+0100,6306.75,6306.5
23.06.2016 08:04:32.899 GMT+0100,6306.75,6305.8
23.06.2016 08:04:32.974 GMT+0100,6307.07,6306.07
23.06.2016 08:04:33.304 GMT+0100,6306.63,6306.477
23.06.2016 08:04:33.702 GMT+0100,6306.5,6305.8
23.06.2016 08:04:34.074 GMT+0100,6307.1,6306.1
23.06.2016 08:04:34.235 GMT+0100,6307.1,6306.5
23.06.2016 08:04:34.404 GMT+0100,6307.46,6306.5
23.06.2016 08:04:34.515 GMT+0100,6307.5,6306.5
23.06.2016 08:04:34.844 GMT+0100,6307.69,6306.69
23.06.2016 08:04:35.064 GMT+0100,6307.54,6306.54
23.06.2016 08:04:35.504 GMT+0100,6307.69,6306.69
23.06.2016 08:04:35.554 GMT+0100,6307.69,6306.69
23.06.2016 08:04:35.661 GMT+0100,6307.69,6306.69
23.06.2016 08:04:36.116 GMT+0100,6306.6,6306.367
23.06.2016 08:04:36.168 GMT+0100,6306.64,6306.38
23.06.2016 08:04:36.383 GMT+0100,6306.5,6306.333
23.06.2016 08:04:36.713 GMT+0100,6306.58,6306.36
23.06.2016 08:04:36.933 GMT+0100,6308.36,6307.36
23.06.2016 08:04:37.153 GMT+0100,6306.58,6306.36
23.06.2016 08:04:38.034 GMT+0100,6306.5,6306.333
23.06.2016 08:04:38.134 GMT+0100,6306.5,6306
23.06.2016 08:04:38.217 GMT+0100,6306.5,6305.8
23.06.2016 08:04:38.364 GMT+0100,6305.86,6305.76
23.06.2016 08:04:38.620 GMT+0100,6305.75,6304.75
23.06.2016 08:04:38.671 GMT+0100,6305.75,6305.417
23.06.2016 08:04:38.803 GMT+0100,6305.44,6304.5
23.06.2016 08:04:39.133 GMT+0100,6305.53,6304.53
23.06.2016 08:04:39.353 GMT+0100,6305.56,6304.56
23.06.2016 08:04:40.373 GMT+0100,6305.94,6304.94
23.06.2016 08:04:40.674 GMT+0100,6305.95,6304.95
23.06.2016 08:04:40.756 GMT+0100,6305.95,6305
23.06.2016 08:04:40.894 GMT+0100,6306.14,6305.14
23.06.2016 08:04:41.224 GMT+0100,6306.33,6305.33
23.06.2016 08:04:41.274 GMT+0100,6306.33,6305.33
23.06.2016 08:04:42.259 GMT+0100,6306.33,6305.33
23.06.2016 08:04:42.324 GMT+0100,6305.97,6305
23.06.2016 08:04:42.654 GMT+0100,6306.2,6305.2
23.06.2016 08:04:42.761 GMT+0100,6306.2,6305.3
23.06.2016 08:04:42.874 GMT+0100,6306.13,6305.3
23.06.2016 08:04:43.965 GMT+0100,6306.13,6305.13
23.06.2016 08:04:44.033 GMT+0100,6306.13,6305.877
23.06.2016 08:04:44.084 GMT+0100,6305.96,6305
23.06.2016 08:04:44.303 GMT+0100,6305.93,6305
23.06.2016 08:04:44.669 GMT+0100,6305.93,6304.93
23.06.2016 08:04:44.963 GMT+0100,6305.79,6304.8
23.06.2016 08:04:45.171 GMT+0100,6305.79,6305
23.06.2016 08:04:45.293 GMT+0100,6305.94,6305
23.06.2016 08:04:45.513 GMT+0100,6306.08,6305.08
23.06.2016 08:04:45.843 GMT+0100,6306,6305
23.06.2016 08:04:46.070 GMT+0100,6306.08,6305.08
23.06.2016 08:04:46.723 GMT+0100,6306.04,6305.04
23.06.2016 08:04:46.943 GMT+0100,6305.93,6305
23.06.2016 08:04:47.493 GMT+0100,6305.97,6305
23.06.2016 08:04:47.823 GMT+0100,6306.03,6305.03
23.06.2016 08:04:48.142 GMT+0100,6306.03,6305.3
23.06.2016 08:04:48.484 GMT+0100,6305.17,6304.3
23.06.2016 08:04:48.543 GMT+0100,6305.17,6304.99
23.06.2016 08:04:48.703 GMT+0100,6304.81,6304.3
23.06.2016 08:04:48.984 GMT+0100,6304.81,6304
23.06.2016 08:04:49.143 GMT+0100,6304.93,6304
23.06.2016 08:04:50.133 GMT+0100,6304.96,6304
23.06.2016 08:04:50.367 GMT+0100,6304.93,6304
23.06.2016 08:04:50.684 GMT+0100,6304.61,6304.3
23.06.2016 08:04:50.751 GMT+0100,6304.61,6303.8
23.06.2016 08:04:50.851 GMT+0100,6304.61,6304.3
23.06.2016 08:04:51.165 GMT+0100,6304.11,6303.3
23.06.2016 08:04:51.252 GMT+0100,6304.11,6303.97
23.06.2016 08:04:51.453 GMT+0100,6304.11,6303.3
23.06.2016 08:04:51.503 GMT+0100,6304.1,6303.3
23.06.2016 08:04:51.893 GMT+0100,6304.78,6303.78
23.06.2016 08:04:51.944 GMT+0100,6304.78,6303.8
23.06.2016 08:04:52.333 GMT+0100,6304.86,6303.86
23.06.2016 08:04:52.773 GMT+0100,6304.81,6303.81
23.06.2016 08:04:53.099 GMT+0100,6304.81,6303.81
23.06.2016 08:04:53.263 GMT+0100,6304.64,6303.64
23.06.2016 08:04:53.434 GMT+0100,6303.46,6303
23.06.2016 08:04:53.601 GMT+0100,6303.46,6302.46
23.06.2016 08:04:53.654 GMT+0100,6303.4,6302.4
23.06.2016 08:04:53.704 GMT+0100,6303.4,6303.3
23.06.2016 08:04:53.762 GMT+0100,6303.4,6302.4
23.06.2016 08:04:53.863 GMT+0100,6303.4,6302.4
23.06.2016 08:04:54.203 GMT+0100,6302,6301.3
23.06.2016 08:04:54.254 GMT+0100,6302,6301
23.06.2016 08:04:54.533 GMT+0100,6301.92,6301
23.06.2016 08:04:54.753 GMT+0100,6301.93,6301
23.06.2016 08:04:55.084 GMT+0100,6301.96,6301
23.06.2016 08:04:55.212 GMT+0100,6301.96,6301.3
23.06.2016 08:04:55.633 GMT+0100,6302.21,6301.3
23.06.2016 08:04:55.714 GMT+0100,6302.21,6302
23.06.2016 08:04:55.853 GMT+0100,6303,6302
23.06.2016 08:04:56.183 GMT+0100,6303.06,6302.06
23.06.2016 08:04:56.492 GMT+0100,6303.3,6302.3
23.06.2016 08:04:56.623 GMT+0100,6303.33,6302.33
23.06.2016 08:04:57.022 GMT+0100,6303.68,6302.68
23.06.2016 08:04:57.173 GMT+0100,6302.77,6301.77
23.06.2016 08:04:57.393 GMT+0100,6302.89,6301.89
23.06.2016 08:04:57.723 GMT+0100,6302.96,6302
23.06.2016 08:04:58.163 GMT+0100,6302.87,6302
23.06.2016 08:04:59.263 GMT+0100,6302.82,6302
23.06.2016 08:05:00.242 GMT+0100,6302.82,6302.3
23.06.2016 08:05:00.473 GMT+0100,6302.88,6302.3
23.06.2016 08:05:00.770 GMT+0100,6303.2,6302.3
23.06.2016 08:05:01.023 GMT+0100,6303.38,6302.38
23.06.2016 08:05:01.244 GMT+0100,6303.393,6303
23.06.2016 08:05:01.353 GMT+0100,6304,6303
23.06.2016 08:05:01.750 GMT+0100,6304,6303.3
23.06.2016 08:05:01.800 GMT+0100,6304.25,6303.3
23.06.2016 08:05:02.016 GMT+0100,6304.22,6303.3
23.06.2016 08:05:02.403 GMT+0100,6304.63,6303.8
23.06.2016 08:05:02.616 GMT+0100,6304.77,6303.8
23.06.2016 08:05:02.765 GMT+0100,6304.77,6303.77
23.06.2016 08:05:03.336 GMT+0100,6304.46,6303.5
23.06.2016 08:05:03.458 GMT+0100,6304.46,6303.46
23.06.2016 08:05:04.160 GMT+0100,6304.3,6304.2
23.06.2016 08:05:04.272 GMT+0100,6304.3,6303.933
23.06.2016 08:05:04.546 GMT+0100,6303.96,6303
23.06.2016 08:05:04.876 GMT+0100,6304.04,6303.04
23.06.2016 08:05:05.536 GMT+0100,6304.07,6303.07
23.06.2016 08:05:05.876 GMT+0100,6304.07,6303.3
23.06.2016 08:05:05.976 GMT+0100,6304.1,6303.3
23.06.2016 08:05:06.196 GMT+0100,6304.17,6303.3
23.06.2016 08:05:06.369 GMT+0100,6304.17,6303.17
23.06.2016 08:05:06.419 GMT+0100,6304.17,6303.17
23.06.2016 08:05:06.535 GMT+0100,6303.93,6303
23.06.2016 08:05:06.670 GMT+0100,6303.93,6303
23.06.2016 08:05:06.771 GMT+0100,6302.973,6301.62
23.06.2016 08:05:07.076 GMT+0100,6303.12,6302.12
23.06.2016 08:05:07.403 GMT+0100,6303.88,6302.88
23.06.2016 08:05:07.785 GMT+0100,6303.9,6303.66
23.06.2016 08:05:07.846 GMT+0100,6303.75,6302.75
23.06.2016 08:05:07.896 GMT+0100,6303.75,6303.5
23.06.2016 08:05:07.985 GMT+0100,6303.75,6302.75
23.06.2016 08:05:08.176 GMT+0100,6303.5,6302.5
23.06.2016 08:05:08.494 GMT+0100,6303.56,6302.56
23.06.2016 08:05:08.946 GMT+0100,6303.46,6302.5
23.06.2016 08:05:08.996 GMT+0100,6303.46,6302.8
23.06.2016 08:05:09.276 GMT+0100,6303.8,6302.8
23.06.2016 08:05:09.791 GMT+0100,6303.8,6303.5
23.06.2016 08:05:10.156 GMT+0100,6303.58,6303.36
23.06.2016 08:05:10.376 GMT+0100,6303.46,6302.5
23.06.2016 08:05:10.427 GMT+0100,6303.46,6303
23.06.2016 08:05:10.815 GMT+0100,6303,6302.8
23.06.2016 08:05:11.036 GMT+0100,6303.33,6302.8
23.06.2016 08:05:11.256 GMT+0100,6303.67,6302.8
23.06.2016 08:05:11.307 GMT+0100,6303.67,6303.39
23.06.2016 08:05:12.246 GMT+0100,6303.46,6302.5
23.06.2016 08:05:13.394 GMT+0100,6303.46,6302.46
23.06.2016 08:05:13.805 GMT+0100,6302.64,6301.8
23.06.2016 08:05:14.202 GMT+0100,6302.64,6302.48
23.06.2016 08:05:14.403 GMT+0100,6302.58,6302
23.06.2016 08:05:14.556 GMT+0100,6303.12,6302.12
23.06.2016 08:05:15.216 GMT+0100,6303.17,6302.17
23.06.2016 08:05:15.876 GMT+0100,6303.08,6302.08
23.06.2016 08:05:16.536 GMT+0100,6303.04,6302.04
23.06.2016 08:05:17.526 GMT+0100,6303,6302
23.06.2016 08:05:18.220 GMT+0100,6303,6302
23.06.2016 08:05:18.296 GMT+0100,6302.96,6301.96
23.06.2016 08:05:18.510 GMT+0100,6302.96,6302.8
23.06.2016 08:05:18.560 GMT+0100,6302.64,6301.64
23.06.2016 08:05:18.723 GMT+0100,6302.64,6301.8
23.06.2016 08:05:18.854 GMT+0100,6302.58,6301.8
23.06.2016 08:05:19.066 GMT+0100,6302.67,6301.8
23.06.2016 08:05:19.286 GMT+0100,6302.71,6301.8
23.06.2016 08:05:19.426 GMT+0100,6302.71,6302
23.06.2016 08:05:19.556 GMT+0100,6302.79,6302
23.06.2016 08:05:19.828 GMT+0100,6303.13,6301.79
23.06.2016 08:05:19.878 GMT+0100,6303.21,6302.21
23.06.2016 08:05:20.276 GMT+0100,6304.19,6303.19
23.06.2016 08:05:20.716 GMT+0100,6303.79,6302.79
23.06.2016 08:05:20.934 GMT+0100,6303.79,6302.79
23.06.2016 08:05:21.266 GMT+0100,6303.3,6303.133
23.06.2016 08:05:21.421 GMT+0100,6303.3,6302.3
23.06.2016 08:05:21.472 GMT+0100,6303.3,6302.5
23.06.2016 08:05:21.522 GMT+0100,6303.46,6302.5
23.06.2016 08:05:21.973 GMT+0100,6303.64,6302.64
23.06.2016 08:05:22.146 GMT+0100,6302.54,6301.54
23.06.2016 08:05:22.456 GMT+0100,6302.54,6302.213
23.06.2016 08:05:22.507 GMT+0100,6302.57,6302.223
23.06.2016 08:05:22.696 GMT+0100,6302,6301.8
23.06.2016 08:05:22.916 GMT+0100,6301.75,6301.3
23.06.2016 08:05:22.967 GMT+0100,6301.75,6300.8
23.06.2016 08:05:23.189 GMT+0100,6301.64,6300.8
23.06.2016 08:05:23.519 GMT+0100,6301.71,6300.8
23.06.2016 08:05:23.626 GMT+0100,6301.64,6300.8
23.06.2016 08:05:24.066 GMT+0100,6301.63,6300.8
23.06.2016 08:05:24.790 GMT+0100,6301.75,6300.8
23.06.2016 08:05:25.826 GMT+0100,6301.86,6300.86
23.06.2016 08:05:26.122 GMT+0100,6301.84,6300.22
23.06.2016 08:05:26.376 GMT+0100,6301.36,6300.36
23.06.2016 08:05:26.705 GMT+0100,6301.31,6300.31
23.06.2016 08:05:27.537 GMT+0100,6301.42,6300.42
23.06.2016 08:05:27.915 GMT+0100,6301.977,6300.43
23.06.2016 08:05:28.268 GMT+0100,6301.43,6300.8
23.06.2016 08:05:28.641 GMT+0100,6301.36,6300.8
23.06.2016 08:05:28.771 GMT+0100,6301.463,6299.89
23.06.2016 08:05:28.960 GMT+0100,6301.03,6300.03
23.06.2016 08:05:29.294 GMT+0100,6301.1,6301
23.06.2016 08:05:29.346 GMT+0100,6301.07,6300.97
23.06.2016 08:05:29.566 GMT+0100,6301.1,6301
23.06.2016 08:05:29.786 GMT+0100,6301,6300.9
23.06.2016 08:05:30.302 GMT+0100,6301.7,6300
23.06.2016 08:05:30.352 GMT+0100,6301.4,6300.4
23.06.2016 08:05:31.118 GMT+0100,6301.43,6300.43
23.06.2016 08:05:31.435 GMT+0100,6301.31,6300.31
23.06.2016 08:05:32.293 GMT+0100,6301.25,6300.8
23.06.2016 08:05:32.646 GMT+0100,6301.077,6299.43
23.06.2016 08:05:32.810 GMT+0100,6300.43,6300.3
23.06.2016 08:05:33.163 GMT+0100,6300.33,6300.23
23.06.2016 08:05:33.214 GMT+0100,6300.57,6300.3
23.06.2016 08:05:33.300 GMT+0100,6301.29,6299.57
23.06.2016 08:05:33.416 GMT+0100,6301.42,6299.96
23.06.2016 08:05:33.765 GMT+0100,6301.397,6299.89
23.06.2016 08:05:34.066 GMT+0100,6300.9,6300.8
23.06.2016 08:05:34.186 GMT+0100,6300.94,6300.8
23.06.2016 08:05:34.305 GMT+0100,6301.48,6299.94
23.06.2016 08:05:34.515 GMT+0100,6301.49,6299.97
23.06.2016 08:05:35.065 GMT+0100,6301.03,6300.03
23.06.2016 08:05:35.615 GMT+0100,6301.48,6299.94
23.06.2016 08:05:36.011 GMT+0100,6301.56,6299.88
23.06.2016 08:05:36.371 GMT+0100,6301.867,6300
23.06.2016 08:05:36.773 GMT+0100,6301.44,6300.44
23.06.2016 08:05:37.175 GMT+0100,6301.45,6300.45
23.06.2016 08:05:37.596 GMT+0100,6301.44,6300.44
23.06.2016 08:05:37.928 GMT+0100,6302.517,6300.75
23.06.2016 08:05:38.279 GMT+0100,6302.44,6300.72
23.06.2016 08:05:38.695 GMT+0100,6302.42,6300.76
23.06.2016 08:05:39.135 GMT+0100,6302.737,6301.11
23.06.2016 08:05:39.483 GMT+0100,6302.03,6301.8
23.06.2016 08:05:39.533 GMT+0100,6302.777,6301.03
23.06.2016 08:05:39.735 GMT+0100,6303.867,6302
23.06.2016 08:05:40.237 GMT+0100,6304.223,6302.57
23.06.2016 08:05:40.566 GMT+0100,6303.36,6303.26
23.06.2016 08:05:40.797 GMT+0100,6303.563,6301.89
23.06.2016 08:05:41.006 GMT+0100,6303,6302
23.06.2016 08:05:41.335 GMT+0100,6303.14,6302.14
23.06.2016 08:05:41.775 GMT+0100,6303.83,6302.83
23.06.2016 08:05:42.105 GMT+0100,6303.31,6302.31
23.06.2016 08:05:42.545 GMT+0100,6303.57,6303.47
23.06.2016 08:05:42.861 GMT+0100,6304.223,6302.57
23.06.2016 08:05:42.911 GMT+0100,6304.247,6302.64
23.06.2016 08:05:43.400 GMT+0100,6304.117,6302.75
23.06.2016 08:05:43.865 GMT+0100,6303.61,6303.3
23.06.2016 08:05:44.195 GMT+0100,6303.77,6302.21
23.06.2016 08:05:44.525 GMT+0100,6304.05,6303.05
23.06.2016 08:05:44.965 GMT+0100,6304.08,6303.08
23.06.2016 08:05:45.322 GMT+0100,6305.033,6303.3
23.06.2016 08:05:45.660 GMT+0100,6305.223,6303.57
23.06.2016 08:05:45.994 GMT+0100,6304.67,6304.3
23.06.2016 08:05:46.094 GMT+0100,6304.683,6303.25
23.06.2016 08:05:46.435 GMT+0100,6304.75,6303.75
23.06.2016 08:05:46.836 GMT+0100,6304.92,6303.92
23.06.2016 08:05:47.386 GMT+0100,6304.5,6303.8
23.06.2016 08:05:47.494 GMT+0100,6305.1,6303.5
23.06.2016 08:05:47.716 GMT+0100,6304.92,6303.92
23.06.2016 08:05:48.124 GMT+0100,6304.64,6304.5
23.06.2016 08:05:48.392 GMT+0100,6305.217,6303.55
23.06.2016 08:05:48.485 GMT+0100,6304.94,6303.94
23.06.2016 08:05:48.944 GMT+0100,6305.49,6303.97
23.06.2016 08:05:49.695 GMT+0100,6305.06,6304.06
23.06.2016 08:05:50.245 GMT+0100,6305.9,6304.9
23.06.2016 08:05:50.686 GMT+0100,6305.85,6304.85
23.06.2016 08:05:51.016 GMT+0100,6305.89,6304.89
23.06.2016 08:05:51.335 GMT+0100,6306.17,6304.71
23.06.2016 08:05:52.005 GMT+0100,6305.96,6304.96
23.06.2016 08:05:52.335 GMT+0100,6306.44,6305.44
23.06.2016 08:05:52.829 GMT+0100,6307.38,6306.38
23.06.2016 08:05:53.156 GMT+0100,6307.963,6306.39
23.06.2016 08:05:53.519 GMT+0100,6307.5,6307
23.06.2016 08:05:53.906 GMT+0100,6307.443,6305.83
23.06.2016 08:05:54.205 GMT+0100,6307.743,6306.13
23.06.2016 08:05:54.645 GMT+0100,6306.52,6306.42
23.06.2016 08:05:54.975 GMT+0100,6306.55,6306.45
23.06.2016 08:05:55.305 GMT+0100,6306.69,6306.5
23.06.2016 08:05:55.525 GMT+0100,6306.55,6306.45
23.06.2016 08:05:55.629 GMT+0100,6306.55,6306.3
23.06.2016 08:05:55.830 GMT+0100,6306.55,6305.55
23.06.2016 08:05:55.880 GMT+0100,6306.58,6305.58
23.06.2016 08:05:56.258 GMT+0100,6305.63,6305.5
23.06.2016 08:05:56.308 GMT+0100,6305.89,6305.5
23.06.2016 08:05:56.702 GMT+0100,6305.53,6305.43
23.06.2016 08:05:56.955 GMT+0100,6305.56,6305.46
23.06.2016 08:05:57.035 GMT+0100,6305.56,6305.3
23.06.2016 08:05:57.211 GMT+0100,6305.507,6303.92
23.06.2016 08:05:57.507 GMT+0100,6305.463,6303.79
23.06.2016 08:05:57.864 GMT+0100,6305.287,6303.86
23.06.2016 08:05:58.267 GMT+0100,6304.6,6304.5
23.06.2016 08:05:58.518 GMT+0100,6304.557,6302.67
23.06.2016 08:05:58.843 GMT+0100,6304.577,6302.93
23.06.2016 08:05:59.265 GMT+0100,6304.727,6303.08
23.06.2016 08:05:59.600 GMT+0100,6304.833,6303.2
23.06.2016 08:05:59.974 GMT+0100,6304.65,6303.65
23.06.2016 08:06:00.277 GMT+0100,6304.96,6303.38
23.06.2016 08:06:00.695 GMT+0100,6304.773,6303.22
23.06.2016 08:06:01.055 GMT+0100,6304.35,6304
23.06.2016 08:06:01.391 GMT+0100,6304.36,6302.78
23.06.2016 08:06:01.734 GMT+0100,6304.56,6303.56
23.06.2016 08:06:02.061 GMT+0100,6305.21,6303.53
23.06.2016 08:06:02.408 GMT+0100,6305.237,6303.61
23.06.2016 08:06:03.005 GMT+0100,6305.92,6304.92
23.06.2016 08:06:03.495 GMT+0100,6306.477,6304.93
23.06.2016 08:06:03.826 GMT+0100,6306.657,6305.17
23.06.2016 08:06:04.204 GMT+0100,6306.1,6305.5
23.06.2016 08:06:04.325 GMT+0100,6306.077,6304.43
23.06.2016 08:06:04.573 GMT+0100,6306.237,6304.61
23.06.2016 08:06:04.875 GMT+0100,6306.263,6304.69
23.06.2016 08:06:05.497 GMT+0100,6306.283,6304.75
23.06.2016 08:06:06.122 GMT+0100,6305.93,6304.93
23.06.2016 08:06:06.509 GMT+0100,6305.68,6305.5
23.06.2016 08:06:06.854 GMT+0100,6305.977,6304.43
23.06.2016 08:06:07.184 GMT+0100,6305.933,6304.3
23.06.2016 08:06:07.624 GMT+0100,6305.98,6304.44
23.06.2016 08:06:08.226 GMT+0100,6305.86,6304.28
23.06.2016 08:06:08.615 GMT+0100,6305.5,6304.5
23.06.2016 08:06:08.944 GMT+0100,6304.973,6303.42
23.06.2016 08:06:09.274 GMT+0100,6305.397,6303.69
23.06.2016 08:06:10.196 GMT+0100,6305.34,6303.72
23.06.2016 08:06:10.595 GMT+0100,6305.263,6303.69
23.06.2016 08:06:11.099 GMT+0100,6304.69,6304.5
23.06.2016 08:06:11.424 GMT+0100,6304.59,6304.49
23.06.2016 08:06:11.601 GMT+0100,6305.23,6303.59
23.06.2016 08:06:11.915 GMT+0100,6305.25,6303.65
23.06.2016 08:06:12.326 GMT+0100,6304.65,6304.5
23.06.2016 08:06:12.377 GMT+0100,6304.957,6303.37
23.06.2016 08:06:12.584 GMT+0100,6304.653,6302.96
23.06.2016 08:06:13.124 GMT+0100,6304.473,6302.92
23.06.2016 08:06:13.450 GMT+0100,6303.92,6303.8
23.06.2016 08:06:13.501 GMT+0100,6304.35,6302.75
23.06.2016 08:06:13.675 GMT+0100,6304.03,6303.03
23.06.2016 08:06:14.334 GMT+0100,6304.473,6302.92
23.06.2016 08:06:14.665 GMT+0100,6304.37,6302.81
23.06.2016 08:06:14.985 GMT+0100,6303.91,6303
23.06.2016 08:06:15.214 GMT+0100,6303.463,6301.89
23.06.2016 08:06:15.466 GMT+0100,6303.757,6302.17
23.06.2016 08:06:15.770 GMT+0100,6303.14,6302.5
23.06.2016 08:06:16.119 GMT+0100,6302.75,6302.5
23.06.2016 08:06:16.284 GMT+0100,6303.283,6301.75
23.06.2016 08:06:16.425 GMT+0100,6302.8,6301.8
23.06.2016 08:06:16.755 GMT+0100,6303.277,6301.73
23.06.2016 08:06:17.085 GMT+0100,6303.283,6301.75
23.06.2016 08:06:17.524 GMT+0100,6303.11,6302.11
23.06.2016 08:06:18.294 GMT+0100,6303.757,6302.17
23.06.2016 08:06:18.736 GMT+0100,6303.13,6303
23.06.2016 08:06:18.844 GMT+0100,6303.41,6301.73
23.06.2016 08:06:19.238 GMT+0100,6302.73,6302.5
23.06.2016 08:06:19.288 GMT+0100,6302.8,6302.5
23.06.2016 08:06:19.615 GMT+0100,6302.54,6302.44
23.06.2016 08:06:19.740 GMT+0100,6303.213,6301.54
23.06.2016 08:06:19.835 GMT+0100,6303.283,6301.75
23.06.2016 08:06:20.172 GMT+0100,6302.8,6301.8
23.06.2016 08:06:20.581 GMT+0100,6303.71,6302.03
23.06.2016 08:06:21.265 GMT+0100,6303.72,6302.06
23.06.2016 08:06:21.594 GMT+0100,6303.387,6301.86
23.06.2016 08:06:21.956 GMT+0100,6302.9,6302.8
23.06.2016 08:06:22.034 GMT+0100,6302.94,6302.8
23.06.2016 08:06:22.353 GMT+0100,6302.94,6302.5
23.06.2016 08:06:22.403 GMT+0100,6302.75,6302.5
23.06.2016 08:06:22.654 GMT+0100,6303.517,6301.75
23.06.2016 08:06:22.705 GMT+0100,6303.507,6301.72
23.06.2016 08:06:23.157 GMT+0100,6303.897,6302.09
23.06.2016 08:06:23.575 GMT+0100,6304.423,6302.67
23.06.2016 08:06:24.014 GMT+0100,6304.723,6303.07
23.06.2016 08:06:24.491 GMT+0100,6304.553,6303.06
23.06.2016 08:06:24.834 GMT+0100,6304.537,6302.81
23.06.2016 08:06:25.167 GMT+0100,6303.93,6303.8
23.06.2016 08:06:25.664 GMT+0100,6304.04,6303.8
23.06.2016 08:06:25.885 GMT+0100,6304.257,6302.67
23.06.2016 08:06:26.104 GMT+0100,6304.083,6302.65
23.06.2016 08:06:26.499 GMT+0100,6303.683,6302.25
23.06.2016 08:06:27.409 GMT+0100,6303.423,6301.77
23.06.2016 08:06:30.395 GMT+0100,6303.1,6302.1
23.06.2016 08:06:30.697 GMT+0100,6303.27,6301.71
23.06.2016 08:06:31.119 GMT+0100,6303.283,6301.75
23.06.2016 08:06:31.494 GMT+0100,6303.44,6301.82
23.06.2016 08:06:32.896 GMT+0100,6302.9,6302.8
23.06.2016 08:06:33.254 GMT+0100,6302.9,6302.8
23.06.2016 08:06:33.584 GMT+0100,6302.94,6302.8
23.06.2016 08:06:33.804 GMT+0100,6302.93,6302.8
23.06.2016 08:06:34.069 GMT+0100,6303.02,6302.8
23.06.2016 08:06:34.202 GMT+0100,6303.1,6303
23.06.2016 08:06:34.354 GMT+0100,6303.42,6301.76
23.06.2016 08:06:34.574 GMT+0100,6303.423,6301.77
23.06.2016 08:06:34.905 GMT+0100,6303.413,6301.74
23.06.2016 08:06:35.225 GMT+0100,6303.29,6301.77
23.06.2016 08:06:35.674 GMT+0100,6302.81,6301.81
23.06.2016 08:06:36.120 GMT+0100,6303.05,6301.55
23.06.2016 08:06:36.444 GMT+0100,6302.37,6302.27
23.06.2016 08:06:36.884 GMT+0100,6302.38,6302.28
23.06.2016 08:06:37.213 GMT+0100,6302.993,6301.38
23.06.2016 08:06:37.324 GMT+0100,6302.997,6301.39
23.06.2016 08:06:38.204 GMT+0100,6302.9,6301.9
23.06.2016 08:06:38.534 GMT+0100,6302.81,6301.81
23.06.2016 08:06:39.193 GMT+0100,6303.293,6301.78
23.06.2016 08:06:39.743 GMT+0100,6302.85,6301.85
23.06.2016 08:06:40.074 GMT+0100,6302.82,6301.82
23.06.2016 08:06:40.882 GMT+0100,6303.447,6301.74
23.06.2016 08:06:41.224 GMT+0100,6303.707,6302.02
23.06.2016 08:06:41.554 GMT+0100,6302.9,6302.3
23.06.2016 08:06:41.898 GMT+0100,6302.7,6301
23.06.2016 08:06:42.054 GMT+0100,6302.743,6301.13
23.06.2016 08:06:42.384 GMT+0100,6302.777,6301.23
23.06.2016 08:06:42.713 GMT+0100,6302.783,6301.25
23.06.2016 08:06:43.154 GMT+0100,6302.33,6301.33
23.06.2016 08:06:43.704 GMT+0100,6302.89,6301.89
23.06.2016 08:06:44.254 GMT+0100,6302.93,6301.93
23.06.2016 08:06:45.157 GMT+0100,6303.293,6301.78
23.06.2016 08:06:45.493 GMT+0100,6303.917,6302.15
23.06.2016 08:06:45.800 GMT+0100,6304.1,6303.1
23.06.2016 08:06:46.120 GMT+0100,6304.763,6303.19
23.06.2016 08:06:46.674 GMT+0100,6304.743,6303.13
23.06.2016 08:06:47.664 GMT+0100,6304.747,6303.14
23.06.2016 08:06:48.214 GMT+0100,6304.567,6303.1
23.06.2016 08:06:48.543 GMT+0100,6304.473,6302.82
23.06.2016 08:06:48.859 GMT+0100,6303.9,6303.8
23.06.2016 08:06:48.910 GMT+0100,6303.82,6302.82
23.06.2016 08:06:48.960 GMT+0100,6303.9,6303.64
23.06.2016 08:06:49.062 GMT+0100,6303.82,6302.82
23.06.2016 08:06:49.113 GMT+0100,6303.07,6302.8
23.06.2016 08:06:49.314 GMT+0100,6303.25,6302.8
23.06.2016 08:06:49.533 GMT+0100,6303.38,6302.38
23.06.2016 08:06:49.863 GMT+0100,6303.39,6302.39
23.06.2016 08:06:50.305 GMT+0100,6303.58,6302.58
23.06.2016 08:06:51.073 GMT+0100,6303.85,6302.85
23.06.2016 08:06:51.404 GMT+0100,6303.89,6302.89
23.06.2016 08:06:52.283 GMT+0100,6303.9,6302.9
23.06.2016 08:06:52.613 GMT+0100,6303.81,6302.81
23.06.2016 08:06:52.971 GMT+0100,6304.19,6302.77
23.06.2016 08:06:53.372 GMT+0100,6303.797,6302.39
23.06.2016 08:06:53.713 GMT+0100,6303.98,6302.44
23.06.2016 08:06:54.154 GMT+0100,6303.537,6301.81
23.06.2016 08:06:54.510 GMT+0100,6303.827,6301.88
23.06.2016 08:06:54.924 GMT+0100,6303.14,6302.14
23.06.2016 08:06:55.281 GMT+0100,6303.757,6302.17
23.06.2016 08:06:55.583 GMT+0100,6303.933,6302.2
23.06.2016 08:06:56.023 GMT+0100,6303.99,6302.47
23.06.2016 08:06:56.392 GMT+0100,6303.47,6303.3
23.06.2016 08:06:56.794 GMT+0100,6303.3,6303.2
23.06.2016 08:06:57.238 GMT+0100,6303.3,6303
23.06.2016 08:06:57.345 GMT+0100,6303.08,6302.98
23.06.2016 08:06:57.563 GMT+0100,6303.25,6303
23.06.2016 08:06:57.697 GMT+0100,6303.783,6302.25
23.06.2016 08:06:58.350 GMT+0100,6303.87,6302.31
23.06.2016 08:06:58.663 GMT+0100,6303.97,6302.41
23.06.2016 08:06:59.103 GMT+0100,6304,6303
23.06.2016 08:06:59.434 GMT+0100,6304.733,6303.1
23.06.2016 08:06:59.764 GMT+0100,6304.76,6303.18
23.06.2016 08:07:00.108 GMT+0100,6304.96,6303.28
23.06.2016 08:07:00.534 GMT+0100,6305.1,6303.5
23.06.2016 08:07:00.973 GMT+0100,6304.98,6303.44
23.06.2016 08:07:01.301 GMT+0100,6304.47,6304.3
23.06.2016 08:07:01.413 GMT+0100,6304.733,6303.1
23.06.2016 08:07:01.779 GMT+0100,6305.19,6303.47
23.06.2016 08:07:02.293 GMT+0100,6305.17,6303.41
23.06.2016 08:07:02.619 GMT+0100,6304.38,6304
23.06.2016 08:07:03.021 GMT+0100,6304.4,6304.3
23.06.2016 08:07:03.072 GMT+0100,6304.743,6303.13
23.06.2016 08:07:03.283 GMT+0100,6304.767,6303.2
23.06.2016 08:07:03.679 GMT+0100,6304.783,6303.25
23.06.2016 08:07:04.054 GMT+0100,6304.43,6303.43
23.06.2016 08:07:04.603 GMT+0100,6304.783,6303.25
23.06.2016 08:07:05.032 GMT+0100,6304,6303.8
23.06.2016 08:07:05.263 GMT+0100,6304.297,6302.79
23.06.2016 08:07:05.593 GMT+0100,6304.75,6303.15
23.06.2016 08:07:06.121 GMT+0100,6304.74,6303.12
23.06.2016 08:07:06.583 GMT+0100,6304.743,6303.13
23.06.2016 08:07:07.082 GMT+0100,6304.13,6303.3
23.06.2016 08:07:07.183 GMT+0100,6305.34,6304.34
23.06.2016 08:07:07.233 GMT+0100,6305.34,6304.34
23.06.2016 08:07:07.574 GMT+0100,6303.35,6303.25
23.06.2016 08:07:07.743 GMT+0100,6303.35,6302.35
23.06.2016 08:07:07.835 GMT+0100,6303.4,6303.15
23.06.2016 08:07:07.904 GMT+0100,6302.38,6302.28
23.06.2016 08:07:08.125 GMT+0100,6302.3,6302.2
23.06.2016 08:07:08.343 GMT+0100,6302.757,6301.17
23.06.2016 08:07:08.674 GMT+0100,6302.3,6301.3
23.06.2016 08:07:09.223 GMT+0100,6302.79,6301.27
23.06.2016 08:07:09.591 GMT+0100,6302.33,6301.33
23.06.2016 08:07:09.953 GMT+0100,6303.243,6301.63
23.06.2016 08:07:10.305 GMT+0100,6303.247,6301.64
23.06.2016 08:07:10.653 GMT+0100,6303.237,6301.61
23.06.2016 08:07:11.203 GMT+0100,6303.257,6301.67
23.06.2016 08:07:11.540 GMT+0100,6302.62,6302.5
23.06.2016 08:07:11.863 GMT+0100,6302.833,6301.2
23.06.2016 08:07:12.193 GMT+0100,6302.943,6301.33
23.06.2016 08:07:12.508 GMT+0100,6303.17,6301.41
23.06.2016 08:07:12.963 GMT+0100,6303.27,6301.71
23.06.2016 08:07:13.269 GMT+0100,6303.173,6301.72
23.06.2016 08:07:13.669 GMT+0100,6302.95,6301.35
23.06.2016 08:07:14.172 GMT+0100,6302.35,6301.8
23.06.2016 08:07:14.523 GMT+0100,6301.83,6301.73
23.06.2016 08:07:14.674 GMT+0100,6302.71,6300.83
23.06.2016 08:07:14.725 GMT+0100,6302.753,6300.96
23.06.2016 08:07:15.053 GMT+0100,6303.263,6301.69
23.06.2016 08:07:15.383 GMT+0100,6303.27,6301.71
23.06.2016 08:07:15.933 GMT+0100,6303.163,6301.69
23.06.2016 08:07:16.278 GMT+0100,6303.16,6301.38
23.06.2016 08:07:16.703 GMT+0100,6303.26,6301.68
23.06.2016 08:07:17.143 GMT+0100,6303.797,6302.29
23.06.2016 08:07:17.474 GMT+0100,6303.31,6302.31
23.06.2016 08:07:17.783 GMT+0100,6302.05,6301.95
23.06.2016 08:07:18.023 GMT+0100,6302.377,6300.83
23.06.2016 08:07:18.089 GMT+0100,6301.9,6301.8
23.06.2016 08:07:18.243 GMT+0100,6302.227,6300.58
23.06.2016 08:07:18.573 GMT+0100,6302.223,6300.57
23.06.2016 08:07:19.282 GMT+0100,6302.26,6300.68
23.06.2016 08:07:20.188 GMT+0100,6302.463,6300.79
23.06.2016 08:07:20.498 GMT+0100,6302.647,6301.14
23.06.2016 08:07:20.883 GMT+0100,6302.733,6301.1
23.06.2016 08:07:21.300 GMT+0100,6302.1,6301.8
23.06.2016 08:07:21.543 GMT+0100,6302.173,6300.72
23.06.2016 08:07:21.763 GMT+0100,6302.087,6300.46
23.06.2016 08:07:22.345 GMT+0100,6302.153,6300.36
23.06.2016 08:07:22.806 GMT+0100,6302.44,6300.82
23.06.2016 08:07:23.522 GMT+0100,6302.49,6300.97
23.06.2016 08:07:24.073 GMT+0100,6301.83,6301.73
23.06.2016 08:07:24.402 GMT+0100,6302.097,6300.69
23.06.2016 08:07:24.453 GMT+0100,6301.69,6301
23.06.2016 08:07:24.843 GMT+0100,6301.04,6300.94
23.06.2016 08:07:24.914 GMT+0100,6301.713,6300.04
23.06.2016 08:07:25.174 GMT+0100,6301.4,6300.4
23.06.2016 08:07:26.052 GMT+0100,6301.98,6300.44
23.06.2016 08:07:26.419 GMT+0100,6301.47,6301.3
23.06.2016 08:07:26.621 GMT+0100,6301.44,6300.44
23.06.2016 08:07:26.859 GMT+0100,6300.65,6300.3
23.06.2016 08:07:27.123 GMT+0100,6301.22,6299.56
23.06.2016 08:07:27.592 GMT+0100,6300.93,6299.93
23.06.2016 08:07:27.922 GMT+0100,6301.49,6299.97
23.06.2016 08:07:28.473 GMT+0100,6301.83,6300.19
23.06.2016 08:07:29.023 GMT+0100,6301.98,6300.44
23.06.2016 08:07:29.463 GMT+0100,6301.793,6300.28
23.06.2016 08:07:30.013 GMT+0100,6301.477,6299.83
23.06.2016 08:07:30.340 GMT+0100,6300.9,6300.8
23.06.2016 08:07:30.390 GMT+0100,6301.297,6299.79
23.06.2016 08:07:30.562 GMT+0100,6301.39,6300.39
23.06.2016 08:07:30.892 GMT+0100,6301.43,6301.3
23.06.2016 08:07:31.443 GMT+0100,6301.43,6301
23.06.2016 08:07:31.572 GMT+0100,6301.38,6301
23.06.2016 08:07:31.773 GMT+0100,6301.413,6299.94
23.06.2016 08:07:31.975 GMT+0100,6300.94,6300.3
23.06.2016 08:07:32.322 GMT+0100,6300.747,6299.14
23.06.2016 08:07:32.543 GMT+0100,6300.783,6299.25
23.06.2016 08:07:33.092 GMT+0100,6300.763,6299.19
23.06.2016 08:07:33.532 GMT+0100,6300.53,6299.53
23.06.2016 08:07:33.953 GMT+0100,6300.53,6300.3
23.06.2016 08:07:34.340 GMT+0100,6300.38,6300.28
23.06.2016 08:07:34.462 GMT+0100,6300.77,6299.21
23.06.2016 08:07:34.632 GMT+0100,6300.793,6299.28
23.06.2016 08:07:34.963 GMT+0100,6300.42,6299.42
23.06.2016 08:07:35.403 GMT+0100,6300.59,6299.17
23.06.2016 08:07:35.842 GMT+0100,6299.92,6299.8
23.06.2016 08:07:36.176 GMT+0100,6299.93,6299.8
23.06.2016 08:07:36.612 GMT+0100,6299.88,6299.78
23.06.2016 08:07:36.943 GMT+0100,6299.923,6298.17
23.06.2016 08:07:37.162 GMT+0100,6299.727,6298.08
23.06.2016 08:07:37.822 GMT+0100,6299.763,6298.19
23.06.2016 08:07:38.268 GMT+0100,6299.21,6299
23.06.2016 08:07:38.602 GMT+0100,6299.2,6299
23.06.2016 08:07:38.769 GMT+0100,6299.767,6298.2
23.06.2016 08:07:38.820 GMT+0100,6299.3,6298.3
23.06.2016 08:07:39.142 GMT+0100,6299.767,6298.2
23.06.2016 08:07:39.472 GMT+0100,6299.727,6298.08
23.06.2016 08:07:40.504 GMT+0100,6299.31,6298.31
23.06.2016 08:07:40.856 GMT+0100,6299.19,6298.19
23.06.2016 08:07:41.233 GMT+0100,6300.75,6299.75
23.06.2016 08:07:41.610 GMT+0100,6300.96,6299.96
23.06.2016 08:07:42.003 GMT+0100,6301.467,6299.9
23.06.2016 08:07:42.333 GMT+0100,6302.247,6300.64
23.06.2016 08:07:42.772 GMT+0100,6301.94,6300.94
23.06.2016 08:07:43.323 GMT+0100,6302.49,6300.97
23.06.2016 08:07:43.762 GMT+0100,6302.47,6300.91
23.06.2016 08:07:44.397 GMT+0100,6301.91,6301.8
23.06.2016 08:07:44.532 GMT+0100,6301.97,6301.8
23.06.2016 08:07:44.633 GMT+0100,6301.97,6301
23.06.2016 08:07:44.752 GMT+0100,6301.05,6300.95
23.06.2016 08:07:45.082 GMT+0100,6301.4,6301
23.06.2016 08:07:45.133 GMT+0100,6301.4,6301.3
23.06.2016 08:07:45.322 GMT+0100,6301.793,6300.08
23.06.2016 08:07:45.653 GMT+0100,6302.223,6300.57
23.06.2016 08:07:46.074 GMT+0100,6301.8,6300.8
23.06.2016 08:07:46.475 GMT+0100,6302.227,6300.88
23.06.2016 08:07:46.777 GMT+0100,6301.4,6301.3
23.06.2016 08:07:46.842 GMT+0100,6301.5,6301.3
23.06.2016 08:07:47.062 GMT+0100,6301.97,6301.3
23.06.2016 08:07:47.113 GMT+0100,6302.49,6300.97
23.06.2016 08:07:47.392 GMT+0100,6302.03,6301.03
23.06.2016 08:07:47.731 GMT+0100,6302.17,6301.757
23.06.2016 08:07:47.882 GMT+0100,6302.17,6301.17
23.06.2016 08:07:47.942 GMT+0100,6301.463,6299.79
23.06.2016 08:07:48.273 GMT+0100,6301.44,6299.82
23.06.2016 08:07:48.819 GMT+0100,6301.7,6301.5
23.06.2016 08:07:48.936 GMT+0100,6301.75,6301.5
23.06.2016 08:07:49.152 GMT+0100,6301.53,6301.43
23.06.2016 08:07:49.482 GMT+0100,6301.57,6301.47
23.06.2016 08:07:50.142 GMT+0100,6301.53,6301.43
23.06.2016 08:07:50.425 GMT+0100,6301.53,6300.8
23.06.2016 08:07:50.475 GMT+0100,6301.5,6300.8
23.06.2016 08:07:50.802 GMT+0100,6301.257,6299.67
23.06.2016 08:07:51.352 GMT+0100,6300.81,6299.81
23.06.2016 08:07:52.122 GMT+0100,6301.283,6299.75
23.06.2016 08:07:52.892 GMT+0100,6301.363,6299.79
23.06.2016 08:07:53.235 GMT+0100,6301.463,6299.89
23.06.2016 08:07:53.662 GMT+0100,6301.473,6299.92
23.06.2016 08:07:54.039 GMT+0100,6300.92,6300.8
23.06.2016 08:07:54.432 GMT+0100,6300.81,6300.71
23.06.2016 08:07:54.538 GMT+0100,6301.437,6299.81
23.06.2016 08:07:54.762 GMT+0100,6301.43,6299.79
23.06.2016 08:07:55.225 GMT+0100,6302.263,6300.69
23.06.2016 08:07:55.551 GMT+0100,6301.61,6301
23.06.2016 08:07:55.972 GMT+0100,6301,6300.9
23.06.2016 08:07:56.192 GMT+0100,6301.05,6300.95
23.06.2016 08:07:56.522 GMT+0100,6301,6300.9
23.06.2016 08:07:56.752 GMT+0100,6301.6,6300
23.06.2016 08:07:56.854 GMT+0100,6301.713,6300.04
23.06.2016 08:07:57.205 GMT+0100,6301.3,6300.3
23.06.2016 08:07:57.662 GMT+0100,6301.63,6300.63
23.06.2016 08:07:58.009 GMT+0100,6301.64,6300.64
23.06.2016 08:07:58.355 GMT+0100,6301.36,6300.8
23.06.2016 08:07:58.502 GMT+0100,6301.223,6299.57
23.06.2016 08:07:58.942 GMT+0100,6301.477,6299.83
23.06.2016 08:07:59.272 GMT+0100,6301.713,6300.04
23.06.2016 08:08:00.152 GMT+0100,6301.707,6300.02
23.06.2016 08:08:00.482 GMT+0100,6301.667,6299.9
23.06.2016 08:08:00.922 GMT+0100,6301.44,6299.72
23.06.2016 08:08:01.223 GMT+0100,6301.123,6299.57
23.06.2016 08:08:01.924 GMT+0100,6301.09,6299.47
23.06.2016 08:08:02.352 GMT+0100,6301.25,6299.65
23.06.2016 08:08:02.771 GMT+0100,6301.437,6299.81
23.06.2016 08:08:03.122 GMT+0100,6300.5,6300.4
23.06.2016 08:08:03.452 GMT+0100,6300.6,6300.5
23.06.2016 08:08:03.552 GMT+0100,6301.233,6299.6
23.06.2016 08:08:03.782 GMT+0100,6301.227,6299.58
23.06.2016 08:08:04.129 GMT+0100,6300.57,6300.47
23.06.2016 08:08:04.222 GMT+0100,6301.087,6299.46
23.06.2016 08:08:04.567 GMT+0100,6301.12,6299.56
23.06.2016 08:08:04.992 GMT+0100,6301.247,6299.64
23.06.2016 08:08:05.322 GMT+0100,6301.26,6299.68
23.06.2016 08:08:05.783 GMT+0100,6301.377,6299.83
23.06.2016 08:08:06.124 GMT+0100,6301.08,6300.08
23.06.2016 08:08:06.472 GMT+0100,6301.613,6300.04
23.06.2016 08:08:06.894 GMT+0100,6300.73,6300.5
23.06.2016 08:08:06.972 GMT+0100,6300.923,6299.47
23.06.2016 08:08:07.089 GMT+0100,6300.47,6300.3
23.06.2016 08:08:07.302 GMT+0100,6300.757,6299.17
23.06.2016 08:08:07.391 GMT+0100,6300.17,6299.3
23.06.2016 08:08:07.852 GMT+0100,6300.47,6299.47
23.06.2016 08:08:08.072 GMT+0100,6299.767,6298.2
23.06.2016 08:08:08.292 GMT+0100,6299.773,6298.22
23.06.2016 08:08:08.598 GMT+0100,6299.22,6298.8
23.06.2016 08:08:08.649 GMT+0100,6299.273,6297.72
23.06.2016 08:08:09.502 GMT+0100,6299.007,6297.22
23.06.2016 08:08:10.149 GMT+0100,6299.45,6297.75
23.06.2016 08:08:10.491 GMT+0100,6299.793,6298.28
23.06.2016 08:08:10.822 GMT+0100,6299.783,6298.25
23.06.2016 08:08:11.256 GMT+0100,6299.58,6298.14
23.06.2016 08:08:11.561 GMT+0100,6299.823,6297.67
23.06.2016 08:08:11.914 GMT+0100,6300.283,6298.75
23.06.2016 08:08:12.256 GMT+0100,6299.83,6298.83
23.06.2016 08:08:12.582 GMT+0100,6299.463,6297.89
23.06.2016 08:08:13.020 GMT+0100,6299.72,6297.86
23.06.2016 08:08:13.352 GMT+0100,6300.133,6298.3
23.06.2016 08:08:13.740 GMT+0100,6300.677,6298.73
23.06.2016 08:08:14.232 GMT+0100,6301.023,6299.27
23.06.2016 08:08:14.674 GMT+0100,6300.29,6299.8
23.06.2016 08:08:14.981 GMT+0100,6300.05,6299.8
23.06.2016 08:08:15.031 GMT+0100,6300.17,6299.8
23.06.2016 08:08:15.082 GMT+0100,6300.17,6299.5
23.06.2016 08:08:15.221 GMT+0100,6299.75,6299.5
23.06.2016 08:08:15.535 GMT+0100,6299.75,6299.3
23.06.2016 08:08:15.586 GMT+0100,6299.36,6299.26
23.06.2016 08:08:16.211 GMT+0100,6299.38,6299.28
23.06.2016 08:08:16.438 GMT+0100,6299.893,6298.38
23.06.2016 08:08:16.541 GMT+0100,6299.977,6298.43
23.06.2016 08:08:16.871 GMT+0100,6299.893,6298.38
23.06.2016 08:08:17.192 GMT+0100,6299.31,6298.5
23.06.2016 08:08:17.495 GMT+0100,6298.5,6298.4
23.06.2016 08:08:17.557 GMT+0100,6299.433,6297.5
23.06.2016 08:08:17.753 GMT+0100,6299.727,6298.08
23.06.2016 08:08:18.072 GMT+0100,6299.967,6298.4
23.06.2016 08:08:18.631 GMT+0100,6299.963,6298.39
23.06.2016 08:08:18.979 GMT+0100,6299.43,6299.3
23.06.2016 08:08:19.181 GMT+0100,6299.797,6298.29
23.06.2016 08:08:19.731 GMT+0100,6299.747,6298.14
23.06.2016 08:08:20.061 GMT+0100,6299.723,6298.07
23.06.2016 08:08:20.611 GMT+0100,6299.987,6298.46
23.06.2016 08:08:21.125 GMT+0100,6299.43,6299.3
23.06.2016 08:08:21.458 GMT+0100,6299.987,6298.36
23.06.2016 08:08:21.601 GMT+0100,6299.8,6298.8
23.06.2016 08:08:22.041 GMT+0100,6300.297,6298.79
23.06.2016 08:08:22.481 GMT+0100,6300.29,6298.77
23.06.2016 08:08:22.921 GMT+0100,6300.03,6299.03
23.06.2016 08:08:23.361 GMT+0100,6300.773,6299.22
23.06.2016 08:08:23.768 GMT+0100,6300.22,6300
23.06.2016 08:08:24.100 GMT+0100,6300.06,6299.96
23.06.2016 08:08:24.241 GMT+0100,6300.167,6298.5
23.06.2016 08:08:24.292 GMT+0100,6299.6,6299.5
23.06.2016 08:08:24.461 GMT+0100,6299.83,6299.5
23.06.2016 08:08:24.773 GMT+0100,6300.443,6298.83
23.06.2016 08:08:24.823 GMT+0100,6300.06,6299.06
23.06.2016 08:08:25.374 GMT+0100,6300.743,6299.13
23.06.2016 08:08:26.052 GMT+0100,6300.72,6299.06
23.06.2016 08:08:26.406 GMT+0100,6300.79,6299.07
23.06.2016 08:08:26.908 GMT+0100,6301.09,6299.47
23.06.2016 08:08:27.216 GMT+0100,6301.233,6299.6
23.06.2016 08:08:27.611 GMT+0100,6301.097,6299.69
23.06.2016 08:08:28.092 GMT+0100,6300.33,6300.23
23.06.2016 08:08:28.421 GMT+0100,6300.797,6299.29
23.06.2016 08:08:28.641 GMT+0100,6300.99,6299.47
23.06.2016 08:08:29.493 GMT+0100,6300.47,6300.3
23.06.2016 08:08:29.961 GMT+0100,6300.72,6299.06
23.06.2016 08:08:30.547 GMT+0100,6300.99,6299.47
23.06.2016 08:08:30.999 GMT+0100,6301.25,6299.65
23.06.2016 08:08:31.391 GMT+0100,6300.82,6299.82
23.06.2016 08:08:31.721 GMT+0100,6300.87,6299.87
23.06.2016 08:08:32.052 GMT+0100,6300.82,6299.82
23.06.2016 08:08:32.491 GMT+0100,6300.96,6299.96
23.06.2016 08:08:32.805 GMT+0100,6301.44,6299.82
23.06.2016 08:08:33.151 GMT+0100,6301.443,6299.83
23.06.2016 08:08:33.701 GMT+0100,6301.44,6299.82
23.06.2016 08:08:34.251 GMT+0100,6300.92,6300.8
23.06.2016 08:08:34.309 GMT+0100,6301.407,6299.92
23.06.2016 08:08:34.478 GMT+0100,6301.477,6299.93
23.06.2016 08:08:34.890 GMT+0100,6300.94,6300.5
23.06.2016 08:08:35.351 GMT+0100,6300.98,6299.44
23.06.2016 08:08:35.515 GMT+0100,6300.44,6299.5
23.06.2016 08:08:35.902 GMT+0100,6299.973,6298.42
23.06.2016 08:08:36.121 GMT+0100,6299.5,6298.5
23.06.2016 08:08:36.671 GMT+0100,6299.99,6298.47
23.06.2016 08:08:37.224 GMT+0100,6300.127,6298.58
23.06.2016 08:08:37.661 GMT+0100,6300.58,6299.58
23.06.2016 08:08:38.211 GMT+0100,6300.61,6300.5
23.06.2016 08:08:38.331 GMT+0100,6301.303,6299.61
23.06.2016 08:08:38.541 GMT+0100,6301.547,6299.84
23.06.2016 08:08:39.221 GMT+0100,6301.427,6299.78
23.06.2016 08:08:39.551 GMT+0100,6301.41,6299.73
23.06.2016 08:08:39.887 GMT+0100,6301.633,6299.8
23.06.2016 08:08:40.841 GMT+0100,6301.1,6300.8
23.06.2016 08:08:41.202 GMT+0100,6301.293,6299.78
23.06.2016 08:08:41.531 GMT+0100,6301.263,6299.69
23.06.2016 08:08:42.196 GMT+0100,6300.91,6299.91
23.06.2016 08:08:42.539 GMT+0100,6300.9,6299.9
23.06.2016 08:08:42.857 GMT+0100,6301.497,6299.89
23.06.2016 08:08:43.251 GMT+0100,6301.67,6299.91
23.06.2016 08:08:43.561 GMT+0100,6301.53,6299.79
23.06.2016 08:08:44.254 GMT+0100,6301.607,6300.02
23.06.2016 08:08:46.124 GMT+0100,6301.43,6299.79
23.06.2016 08:08:46.810 GMT+0100,6301.423,6299.77
23.06.2016 08:08:47.406 GMT+0100,6301.43,6299.79
23.06.2016 08:08:47.911 GMT+0100,6301.427,6299.78
23.06.2016 08:08:48.321 GMT+0100,6301.43,6299.79
23.06.2016 08:08:49.174 GMT+0100,6301.527,6299.78
23.06.2016 08:08:49.501 GMT+0100,6301.713,6300.04
23.06.2016 08:08:50.480 GMT+0100,6301.02,6300.8
23.06.2016 08:08:50.661 GMT+0100,6301.11,6299.73
23.06.2016 08:08:50.982 GMT+0100,6300.73,6300.3
23.06.2016 08:08:51.033 GMT+0100,6300.77,6299.21
23.06.2016 08:08:51.760 GMT+0100,6300.797,6299.29
23.06.2016 08:08:52.090 GMT+0100,6300.35,6299.35
23.06.2016 08:08:52.407 GMT+0100,6300.32,6299.32
23.06.2016 08:08:52.860 GMT+0100,6300.33,6299.33
23.06.2016 08:08:53.190 GMT+0100,6300.38,6299.38
23.06.2016 08:08:53.520 GMT+0100,6300.563,6298.89
23.06.2016 08:08:54.070 GMT+0100,6299.9,6299.8
23.06.2016 08:08:54.291 GMT+0100,6300.257,6298.67
23.06.2016 08:08:54.342 GMT+0100,6299.67,6299.3
23.06.2016 08:08:54.800 GMT+0100,6299.6,6299.5
23.06.2016 08:08:55.171 GMT+0100,6299.53,6299.43
23.06.2016 08:08:55.326 GMT+0100,6300.277,6298.53
23.06.2016 08:08:55.500 GMT+0100,6300.4,6298.7
23.06.2016 08:08:55.805 GMT+0100,6299.9,6299.8
23.06.2016 08:08:55.941 GMT+0100,6300.197,6298.79
23.06.2016 08:08:56.178 GMT+0100,6299.987,6298.36
23.06.2016 08:08:56.480 GMT+0100,6299.4,6299.3
23.06.2016 08:08:56.530 GMT+0100,6299.657,6298.17
23.06.2016 08:08:56.732 GMT+0100,6299.03,6298.5
23.06.2016 08:08:57.187 GMT+0100,6298.78,6298.5
23.06.2016 08:08:57.238 GMT+0100,6299.46,6297.78
23.06.2016 08:08:57.288 GMT+0100,6299.543,6297.53
23.06.2016 08:08:57.592 GMT+0100,6299.773,6298.22
23.06.2016 08:08:57.921 GMT+0100,6300.227,6298.58
23.06.2016 08:08:58.266 GMT+0100,6299.4,6299.3
23.06.2016 08:08:58.360 GMT+0100,6299.733,6298.1
23.06.2016 08:08:58.581 GMT+0100,6299.6,6298
23.06.2016 08:08:59.240 GMT+0100,6299.05,6298.95
23.06.2016 08:08:59.572 GMT+0100,6299.36,6299
23.06.2016 08:08:59.673 GMT+0100,6300.153,6298.36
23.06.2016 08:08:59.790 GMT+0100,6300.19,6299.19
23.06.2016 08:09:00.122 GMT+0100,6300.27,6299.27
23.06.2016 08:09:00.534 GMT+0100,6300.863,6299.29
23.06.2016 08:09:01.001 GMT+0100,6300.07,6299.97
23.06.2016 08:09:01.237 GMT+0100,6300.61,6299.03
23.06.2016 08:09:01.440 GMT+0100,6300.38,6299.38
23.06.2016 08:09:01.785 GMT+0100,6300.44,6299.44
23.06.2016 08:09:02.210 GMT+0100,6300.793,6299.28
23.06.2016 08:09:02.540 GMT+0100,6300.3,6299.3
23.06.2016 08:09:02.843 GMT+0100,6300.893,6299.38
23.06.2016 08:09:03.413 GMT+0100,6300.813,6299.44
23.06.2016 08:09:03.750 GMT+0100,6300.313,6298.64
23.06.2016 08:09:04.051 GMT+0100,6299.63,6299.5
23.06.2016 08:09:04.116 GMT+0100,6299.63,6299
23.06.2016 08:09:04.300 GMT+0100,6298.487,6296.96
23.06.2016 08:09:04.522 GMT+0100,6298.463,6296.89
23.06.2016 08:09:04.961 GMT+0100,6298.313,6296.64
23.06.2016 08:09:05.290 GMT+0100,6298.263,6296.69
23.06.2016 08:09:05.611 GMT+0100,6298.517,6296.75
23.06.2016 08:09:05.950 GMT+0100,6298.99,6297.47
23.06.2016 08:09:06.263 GMT+0100,6298.47,6298.3
23.06.2016 08:09:06.624 GMT+0100,6298.4,6298.3
23.06.2016 08:09:06.720 GMT+0100,6298.633,6297.1
23.06.2016 08:09:06.771 GMT+0100,6298.1,6297.8
23.06.2016 08:09:07.063 GMT+0100,6298.297,6296.79
23.06.2016 08:09:07.275 GMT+0100,6298.507,6296.72
23.06.2016 08:09:07.820 GMT+0100,6298.32,6297.32
23.06.2016 08:09:08.330 GMT+0100,6298.59,6296.67
23.06.2016 08:09:09.140 GMT+0100,6298.3,6297.3
23.06.2016 08:09:10.130 GMT+0100,6298.32,6297.32
23.06.2016 08:09:11.010 GMT+0100,6298.35,6297.35
23.06.2016 08:09:11.340 GMT+0100,6298.93,6297.93
23.06.2016 08:09:11.780 GMT+0100,6299.06,6298.06
23.06.2016 08:09:12.110 GMT+0100,6299.463,6297.79
23.06.2016 08:09:12.443 GMT+0100,6299.473,6297.92
23.06.2016 08:09:12.953 GMT+0100,6299.477,6297.93
23.06.2016 08:09:13.260 GMT+0100,6298.78,6297.78
23.06.2016 08:09:13.742 GMT+0100,6300.327,6298.68
23.06.2016 08:09:14.044 GMT+0100,6299.83,6298.83
23.06.2016 08:09:14.698 GMT+0100,6299.88,6298.88
23.06.2016 08:09:15.000 GMT+0100,6300.17,6300
23.06.2016 08:09:15.197 GMT+0100,6300.31,6298.93
23.06.2016 08:09:15.499 GMT+0100,6299.93,6299.5
23.06.2016 08:09:15.960 GMT+0100,6299.99,6298.47
23.06.2016 08:09:16.010 GMT+0100,6299.47,6299.3
23.06.2016 08:09:16.360 GMT+0100,6299.43,6299.3
23.06.2016 08:09:16.503 GMT+0100,6299.43,6299
23.06.2016 08:09:16.553 GMT+0100,6299.19,6299
23.06.2016 08:09:16.840 GMT+0100,6299.46,6297.88
23.06.2016 08:09:17.105 GMT+0100,6298.9,6298.8
23.06.2016 08:09:17.329 GMT+0100,6299.22,6297.56
23.06.2016 08:09:17.720 GMT+0100,6299.477,6297.93
23.06.2016 08:09:18.310 GMT+0100,6298.97,6298.5
23.06.2016 08:09:18.490 GMT+0100,6298.97,6297.41
23.06.2016 08:09:18.812 GMT+0100,6298.41,6298
23.06.2016 08:09:18.930 GMT+0100,6298.49,6296.97
23.06.2016 08:09:19.370 GMT+0100,6298.783,6297.25
23.06.2016 08:09:19.717 GMT+0100,6299.297,6297.59
23.06.2016 08:09:20.030 GMT+0100,6299.76,6298.18
23.06.2016 08:09:20.470 GMT+0100,6299.783,6298.25
23.06.2016 08:09:20.821 GMT+0100,6299.18,6299
23.06.2016 08:09:21.064 GMT+0100,6298.19,6297.8
23.06.2016 08:09:21.241 GMT+0100,6298.273,6296.72
23.06.2016 08:09:21.570 GMT+0100,6298.417,6296.75
23.06.2016 08:09:21.925 GMT+0100,6298.69,6297.07
23.06.2016 08:09:22.341 GMT+0100,6298.647,6296.94
23.06.2016 08:09:22.890 GMT+0100,6298.783,6297.25
23.06.2016 08:09:23.431 GMT+0100,6298.06,6297.8
23.06.2016 08:09:23.770 GMT+0100,6297.94,6297.8
23.06.2016 08:09:23.933 GMT+0100,6298.813,6296.94
23.06.2016 08:09:23.990 GMT+0100,6298.57,6297.57
23.06.2016 08:09:24.320 GMT+0100,6298.53,6297.53
23.06.2016 08:09:25.288 GMT+0100,6298.57,6297.57
23.06.2016 08:09:25.640 GMT+0100,6298.81,6297.81
23.06.2016 08:09:25.969 GMT+0100,6298.83,6298.73
23.06.2016 08:09:26.441 GMT+0100,6299.377,6297.83
23.06.2016 08:09:26.665 GMT+0100,6299.47,6298.47
23.06.2016 08:09:27.070 GMT+0100,6299.973,6298.42
23.06.2016 08:09:27.400 GMT+0100,6299.87,6298.87
23.06.2016 08:09:27.782 GMT+0100,6299.88,6299.78
23.06.2016 08:09:27.950 GMT+0100,6300.347,6298.74
23.06.2016 08:09:28.170 GMT+0100,6300.727,6299.08
23.06.2016 08:09:28.610 GMT+0100,6300.773,6299.22
23.06.2016 08:09:29.005 GMT+0100,6301.23,6299.59
23.06.2016 08:09:29.458 GMT+0100,6300.6,6300.5
23.06.2016 08:09:29.508 GMT+0100,6300.72,6300.5
23.06.2016 08:09:29.829 GMT+0100,6300.63,6300.5
23.06.2016 08:09:29.961 GMT+0100,6301.243,6299.63
23.06.2016 08:09:30.050 GMT+0100,6301.237,6299.61
23.06.2016 08:09:30.380 GMT+0100,6300.993,6299.18
23.06.2016 08:09:30.893 GMT+0100,6300.53,6299.53
23.06.2016 08:09:31.260 GMT+0100,6300.88,6299.88
23.06.2016 08:09:31.589 GMT+0100,6300.9,6299.9
23.06.2016 08:09:32.030 GMT+0100,6301.247,6299.64
23.06.2016 08:09:32.409 GMT+0100,6301.25,6299.65
23.06.2016 08:09:33.240 GMT+0100,6300.89,6299.89
23.06.2016 08:09:34.276 GMT+0100,6300.89,6300
23.06.2016 08:09:34.669 GMT+0100,6300.41,6298.93
23.06.2016 08:09:34.853 GMT+0100,6299.93,6299.8
23.06.2016 08:09:35.109 GMT+0100,6300.317,6298.65
23.06.2016 08:09:36.454 GMT+0100,6300.703,6299.01
23.06.2016 08:09:36.760 GMT+0100,6300.713,6299.04
23.06.2016 08:09:37.410 GMT+0100,6300.243,6298.63
23.06.2016 08:09:37.749 GMT+0100,6299.92,6298.46
23.06.2016 08:09:38.210 GMT+0100,6300.037,6298.31
23.06.2016 08:09:38.542 GMT+0100,6299.733,6298.1
23.06.2016 08:09:38.993 GMT+0100,6299.9,6298.2
23.06.2016 08:09:39.399 GMT+0100,6299.54,6298.54
23.06.2016 08:09:40.389 GMT+0100,6299.6,6298.6
23.06.2016 08:09:41.126 GMT+0100,6299.63,6298.63
23.06.2016 08:09:41.709 GMT+0100,6299.81,6298.81
23.06.2016 08:09:42.409 GMT+0100,6299.89,6298.89
23.06.2016 08:09:43.006 GMT+0100,6300.32,6298.66
23.06.2016 08:09:43.359 GMT+0100,6300.07,6299.07
23.06.2016 08:09:44.239 GMT+0100,6300.717,6299.05
23.06.2016 08:09:44.732 GMT+0100,6300.12,6298.56
23.06.2016 08:09:45.120 GMT+0100,6299.3,6299.2
23.06.2016 08:09:45.716 GMT+0100,6299.867,6298.3
23.06.2016 08:09:45.890 GMT+0100,6300.077,6298.43
23.06.2016 08:09:46.212 GMT+0100,6299.73,6298.73
23.06.2016 08:09:46.721 GMT+0100,6299.71,6299.3
23.06.2016 08:09:46.771 GMT+0100,6299.73,6299.3
23.06.2016 08:09:46.989 GMT+0100,6299.793,6298.28
23.06.2016 08:09:47.209 GMT+0100,6299.717,6298.05
23.06.2016 08:09:47.674 GMT+0100,6299.79,6298.07
23.06.2016 08:09:47.979 GMT+0100,6299.73,6298.73
23.06.2016 08:09:49.189 GMT+0100,6300.357,6298.77
23.06.2016 08:09:49.745 GMT+0100,6300.207,6298.82
23.06.2016 08:09:50.069 GMT+0100,6299.793,6298.28
23.06.2016 08:09:50.399 GMT+0100,6299.763,6298.19
23.06.2016 08:09:50.736 GMT+0100,6299.21,6298.3
23.06.2016 08:09:51.052 GMT+0100,6298.56,6298.3
23.06.2016 08:09:51.103 GMT+0100,6298.937,6297.21
23.06.2016 08:09:51.499 GMT+0100,6299.45,6297.75
23.06.2016 08:09:51.855 GMT+0100,6299.62,6298.06
23.06.2016 08:09:52.159 GMT+0100,6299.6,6298
23.06.2016 08:09:52.709 GMT+0100,6299.06,6298.96
23.06.2016 08:09:52.760 GMT+0100,6299.72,6298.06
23.06.2016 08:09:52.929 GMT+0100,6299.73,6298.09
23.06.2016 08:09:53.589 GMT+0100,6299.737,6298.11
23.06.2016 08:09:53.919 GMT+0100,6299.733,6298.1
23.06.2016 08:09:54.799 GMT+0100,6299.727,6298.08
23.06.2016 08:09:55.161 GMT+0100,6299.1,6299
23.06.2016 08:09:55.251 GMT+0100,6299.45,6297.85
23.06.2016 08:09:55.554 GMT+0100,6298.9,6298.8
23.06.2016 08:09:55.679 GMT+0100,6298.86,6298.76
23.06.2016 08:09:55.939 GMT+0100,6299.293,6297.78
23.06.2016 08:09:56.339 GMT+0100,6299.243,6297.63
23.06.2016 08:09:56.779 GMT+0100,6299.257,6297.67
23.06.2016 08:09:57.219 GMT+0100,6299.273,6297.72
23.06.2016 08:09:57.548 GMT+0100,6299.297,6297.79
23.06.2016 08:09:57.989 GMT+0100,6299.733,6298.1
23.06.2016 08:09:58.319 GMT+0100,6299.75,6298.15
23.06.2016 08:09:59.419 GMT+0100,6299.76,6298.18
23.06.2016 08:09:59.812 GMT+0100,6299.75,6298.15
23.06.2016 08:10:00.299 GMT+0100,6299.713,6298.04
23.06.2016 08:10:00.629 GMT+0100,6299.857,6298.27
23.06.2016 08:10:00.989 GMT+0100,6300.163,6298.39
23.06.2016 08:10:01.403 GMT+0100,6300.23,6298.59
23.06.2016 08:10:01.731 GMT+0100,6300.283,6298.75
23.06.2016 08:10:02.112 GMT+0100,6299.69,6298.69
23.06.2016 08:10:02.437 GMT+0100,6301.8,6299.8
23.06.2016 08:10:02.799 GMT+0100,6302.8,6300.6
23.06.2016 08:10:03.103 GMT+0100,6303.12,6301.56
23.06.2016 08:10:03.493 GMT+0100,6302.63,6302.5
23.06.2016 08:10:03.643 GMT+0100,6303.11,6302.5
23.06.2016 08:10:03.748 GMT+0100,6303.737,6302.11
23.06.2016 08:10:03.844 GMT+0100,6303.68,6301.94
23.06.2016 08:10:04.152 GMT+0100,6303.667,6301.9
23.06.2016 08:10:04.700 GMT+0100,6303.623,6302.27
23.06.2016 08:10:05.033 GMT+0100,6303.533,6301.8
23.06.2016 08:10:05.362 GMT+0100,6303.723,6302.07
23.06.2016 08:10:05.692 GMT+0100,6303.33,6302.33
23.06.2016 08:10:06.129 GMT+0100,6303.44,6302.44
23.06.2016 08:10:06.533 GMT+0100,6304.47,6302.61
23.06.2016 08:10:06.908 GMT+0100,6304.743,6303.13
23.06.2016 08:10:07.310 GMT+0100,6304.52,6303.52
23.06.2016 08:10:07.611 GMT+0100,6304.69,6303.69
23.06.2016 08:10:08.002 GMT+0100,6305.03,6304.03
23.06.2016 08:10:08.332 GMT+0100,6304.94,6304.8
23.06.2016 08:10:08.662 GMT+0100,6305.117,6303.55
23.06.2016 08:10:08.729 GMT+0100,6304.6,6304.5
23.06.2016 08:10:08.992 GMT+0100,6304.907,6303.42
23.06.2016 08:10:09.266 GMT+0100,6304.42,6303.8
