Local time,Ask,Bid
24.06.2016 08:00:00.296 GMT+0100,5811.35,5810.35
24.06.2016 08:00:03.399 GMT+0100,5790.5,5782.5
24.06.2016 08:00:03.987 GMT+0100,5791.8,5783.8
24.06.2016 08:00:04.402 GMT+0100,5790.8,5782.8
24.06.2016 08:00:04.920 GMT+0100,5790.5,5782.5
24.06.2016 08:00:05.504 GMT+0100,5790,5782
24.06.2016 08:00:06.508 GMT+0100,5789.3,5781.3
24.06.2016 08:00:07.007 GMT+0100,5788.8,5780.8
24.06.2016 08:00:07.508 GMT+0100,5788.5,5780.5
24.06.2016 08:00:08.512 GMT+0100,5783.27,5782.27
24.06.2016 08:00:08.819 GMT+0100,5783.77,5782.77
24.06.2016 08:00:09.265 GMT+0100,5783.92,5782.92
24.06.2016 08:00:09.809 GMT+0100,5783.61,5782.61
24.06.2016 08:00:10.168 GMT+0100,5782.32,5781.32
24.06.2016 08:00:10.515 GMT+0100,5782.12,5781.12
24.06.2016 08:00:10.881 GMT+0100,5782.16,5781.16
24.06.2016 08:00:11.274 GMT+0100,5781.8,5780.8
24.06.2016 08:00:11.576 GMT+0100,5779.27,5778.27
24.06.2016 08:00:11.898 GMT+0100,5779.77,5778.77
24.06.2016 08:00:12.338 GMT+0100,5779.62,5778.62
24.06.2016 08:00:12.668 GMT+0100,5779.38,5778.38
24.06.2016 08:00:12.998 GMT+0100,5778.115,5776.23
24.06.2016 08:00:13.841 GMT+0100,5776.77,5775.77
24.06.2016 08:00:14.148 GMT+0100,5776.14,5775.14
24.06.2016 08:00:14.538 GMT+0100,5776.21,5775.21
24.06.2016 08:00:14.890 GMT+0100,5776.3,5775.3
24.06.2016 08:00:15.295 GMT+0100,5775.52,5774.52
24.06.2016 08:00:15.748 GMT+0100,5775.96,5774.96
24.06.2016 08:00:16.300 GMT+0100,5775.425,5774.35
24.06.2016 08:00:16.630 GMT+0100,5775.68,5774.68
24.06.2016 08:00:17.068 GMT+0100,5776.33,5775.33
24.06.2016 08:00:17.406 GMT+0100,5776.02,5775.02
24.06.2016 08:00:17.909 GMT+0100,5775.52,5774.52
24.06.2016 08:00:18.312 GMT+0100,5775.27,5774.27
24.06.2016 08:00:18.635 GMT+0100,5774.52,5773.52
24.06.2016 08:00:19.048 GMT+0100,5773.82,5772.82
24.06.2016 08:00:19.405 GMT+0100,5773.67,5772.67
24.06.2016 08:00:19.708 GMT+0100,5773.83,5772.83
24.06.2016 08:00:20.183 GMT+0100,5773.91,5772.91
24.06.2016 08:00:20.641 GMT+0100,5772.98,5771.66
24.06.2016 08:00:21.206 GMT+0100,5773.43,5772.43
24.06.2016 08:00:21.530 GMT+0100,5773.21,5772.12
24.06.2016 08:00:22.018 GMT+0100,5773.35,5772.35
24.06.2016 08:00:22.348 GMT+0100,5773.02,5772.02
24.06.2016 08:00:23.118 GMT+0100,5772.425,5771.35
24.06.2016 08:00:23.478 GMT+0100,5772.16,5771.02
24.06.2016 08:00:24.218 GMT+0100,5772.32,5771.32
24.06.2016 08:00:24.549 GMT+0100,5771.85,5770.85
24.06.2016 08:00:24.957 GMT+0100,5771.9,5770.8
24.06.2016 08:00:25.318 GMT+0100,5772.75,5771.7
24.06.2016 08:00:25.655 GMT+0100,5772.77,5771.77
24.06.2016 08:00:26.418 GMT+0100,5772.87,5771.87
24.06.2016 08:00:26.784 GMT+0100,5772.98,5771.98
24.06.2016 08:00:27.298 GMT+0100,5772.52,5771.52
24.06.2016 08:00:27.958 GMT+0100,5772.39,5771.39
24.06.2016 08:00:28.398 GMT+0100,5772.77,5771.77
24.06.2016 08:00:28.777 GMT+0100,5772.285,5771.27
24.06.2016 08:00:29.406 GMT+0100,5772.265,5771.23
24.06.2016 08:00:29.907 GMT+0100,5772.39,5771.39
24.06.2016 08:00:30.265 GMT+0100,5772.62,5771.62
24.06.2016 08:00:30.708 GMT+0100,5772.475,5771.45
24.06.2016 08:00:31.148 GMT+0100,5772.98,5771.98
24.06.2016 08:00:31.619 GMT+0100,5772.58,5771.58
24.06.2016 08:00:32.138 GMT+0100,5773.06,5772.06
24.06.2016 08:00:32.688 GMT+0100,5772.66,5771.66
24.06.2016 08:00:33.018 GMT+0100,5772.92,5771.92
24.06.2016 08:00:33.386 GMT+0100,5773.02,5772.02
24.06.2016 08:00:33.894 GMT+0100,5772.255,5771.21
24.06.2016 08:00:34.338 GMT+0100,5772.86,5771.86
24.06.2016 08:00:34.693 GMT+0100,5772.9,5771.9
24.06.2016 08:00:35.095 GMT+0100,5772.27,5771.27
24.06.2016 08:00:35.397 GMT+0100,5772.9,5771.9
24.06.2016 08:00:35.768 GMT+0100,5772.85,5771.85
24.06.2016 08:00:36.318 GMT+0100,5772.81,5771.81
24.06.2016 08:00:36.662 GMT+0100,5772.35,5771.35
24.06.2016 08:00:37.088 GMT+0100,5772.6,5771.6
24.06.2016 08:00:37.418 GMT+0100,5772.255,5771.21
24.06.2016 08:00:37.968 GMT+0100,5772.25,5771.25
24.06.2016 08:00:38.393 GMT+0100,5772.65,5771.65
24.06.2016 08:00:38.894 GMT+0100,5772.71,5771.71
24.06.2016 08:00:39.405 GMT+0100,5772.89,5771.89
24.06.2016 08:00:39.728 GMT+0100,5773.02,5772.02
24.06.2016 08:00:40.387 GMT+0100,5773.25,5772.25
24.06.2016 08:00:40.828 GMT+0100,5773.02,5772.02
24.06.2016 08:00:41.158 GMT+0100,5772.87,5771.87
24.06.2016 08:00:41.488 GMT+0100,5772.81,5771.81
24.06.2016 08:00:41.843 GMT+0100,5769.44,5768.08
24.06.2016 08:00:42.367 GMT+0100,5769.67,5768.54
24.06.2016 08:00:42.698 GMT+0100,5769.685,5768.57
24.06.2016 08:00:43.028 GMT+0100,5769.67,5768.54
24.06.2016 08:00:43.468 GMT+0100,5768.02,5767.02
24.06.2016 08:00:43.945 GMT+0100,5768.58,5767.58
24.06.2016 08:00:44.471 GMT+0100,5768.15,5767.15
24.06.2016 08:00:44.807 GMT+0100,5768.13,5767.13
24.06.2016 08:00:45.228 GMT+0100,5767.71,5766.71
24.06.2016 08:00:46.548 GMT+0100,5767.85,5766.85
24.06.2016 08:00:46.988 GMT+0100,5767.9,5766.9
24.06.2016 08:00:47.317 GMT+0100,5767.865,5766.73
24.06.2016 08:00:47.758 GMT+0100,5768.42,5767.42
24.06.2016 08:00:48.101 GMT+0100,5768.27,5767.27
24.06.2016 08:00:48.423 GMT+0100,5768.52,5767.52
24.06.2016 08:00:48.748 GMT+0100,5768.27,5767.27
24.06.2016 08:00:49.079 GMT+0100,5768.16,5767.16
24.06.2016 08:00:49.406 GMT+0100,5767.9,5766.9
24.06.2016 08:00:50.067 GMT+0100,5767.95,5766.95
24.06.2016 08:00:50.467 GMT+0100,5768.27,5767.27
24.06.2016 08:00:50.820 GMT+0100,5767.73,5766.365
24.06.2016 08:00:51.164 GMT+0100,5765.35,5764.35
24.06.2016 08:00:51.560 GMT+0100,5765.2,5764.2
24.06.2016 08:00:51.872 GMT+0100,5765.19,5764.19
24.06.2016 08:00:52.268 GMT+0100,5763.785,5762.27
24.06.2016 08:00:52.598 GMT+0100,5764.23,5763.23
24.06.2016 08:00:52.927 GMT+0100,5764.3,5763.3
24.06.2016 08:00:53.374 GMT+0100,5764.1,5763.1
24.06.2016 08:00:53.775 GMT+0100,5763.22,5762.22
24.06.2016 08:00:54.278 GMT+0100,5762.42,5761.42
24.06.2016 08:00:54.780 GMT+0100,5761.08,5760.08
24.06.2016 08:00:55.081 GMT+0100,5761.19,5760.19
24.06.2016 08:00:55.429 GMT+0100,5761.27,5760.27
24.06.2016 08:00:55.897 GMT+0100,5760.66,5759.52
24.06.2016 08:00:56.337 GMT+0100,5759.76,5758.52
24.06.2016 08:00:56.887 GMT+0100,5759.725,5758.65
24.06.2016 08:00:57.327 GMT+0100,5759.915,5758.83
24.06.2016 08:00:57.963 GMT+0100,5759.83,5758.66
24.06.2016 08:00:58.318 GMT+0100,5760.15,5759.15
24.06.2016 08:00:58.757 GMT+0100,5759.895,5758.79
24.06.2016 08:00:59.197 GMT+0100,5759.96,5758.92
24.06.2016 08:00:59.668 GMT+0100,5759.95,5758.9
24.06.2016 08:01:00.077 GMT+0100,5759.64,5758.48
24.06.2016 08:01:00.455 GMT+0100,5759.56,5757.78
24.06.2016 08:01:00.758 GMT+0100,5756.52,5755.52
24.06.2016 08:01:01.067 GMT+0100,5755.35,5754.35
24.06.2016 08:01:01.398 GMT+0100,5754.82,5753.64
24.06.2016 08:01:01.995 GMT+0100,5754.11,5752.92
24.06.2016 08:01:02.388 GMT+0100,5754.52,5753.52
24.06.2016 08:01:02.937 GMT+0100,5754.36,5753.36
24.06.2016 08:01:03.377 GMT+0100,5754.35,5753.35
24.06.2016 08:01:03.707 GMT+0100,5754.4,5753.4
24.06.2016 08:01:04.049 GMT+0100,5753.77,5752.74
24.06.2016 08:01:04.367 GMT+0100,5754.52,5753.52
24.06.2016 08:01:04.697 GMT+0100,5753.77,5752.77
24.06.2016 08:01:05.027 GMT+0100,5754.5,5753.5
24.06.2016 08:01:05.467 GMT+0100,5754.41,5753.41
24.06.2016 08:01:05.797 GMT+0100,5754.57,5753.57
24.06.2016 08:01:06.137 GMT+0100,5754.22,5753.22
24.06.2016 08:01:06.458 GMT+0100,5753.385,5752.27
24.06.2016 08:01:07.008 GMT+0100,5753.02,5752.02
24.06.2016 08:01:07.341 GMT+0100,5753.12,5752.12
24.06.2016 08:01:07.667 GMT+0100,5753.36,5752.36
24.06.2016 08:01:08.108 GMT+0100,5753.05,5752.05
24.06.2016 08:01:08.437 GMT+0100,5751.91,5750.52
24.06.2016 08:01:08.895 GMT+0100,5749.65,5748.65
24.06.2016 08:01:09.223 GMT+0100,5749.72,5748.72
24.06.2016 08:01:09.554 GMT+0100,5749.52,5748.52
24.06.2016 08:01:09.873 GMT+0100,5749.7,5748.6
24.06.2016 08:01:10.747 GMT+0100,5750.5,5749.5
24.06.2016 08:01:11.077 GMT+0100,5750.27,5749.27
24.06.2016 08:01:11.420 GMT+0100,5750.245,5749.19
24.06.2016 08:01:12.067 GMT+0100,5750.3,5749.3
24.06.2016 08:01:12.397 GMT+0100,5750.34,5749.34
24.06.2016 08:01:12.727 GMT+0100,5750.77,5749.77
24.06.2016 08:01:13.057 GMT+0100,5752.02,5751.02
24.06.2016 08:01:13.385 GMT+0100,5751.77,5750.77
24.06.2016 08:01:13.687 GMT+0100,5751.36,5750.36
24.06.2016 08:01:14.047 GMT+0100,5749.77,5748.77
24.06.2016 08:01:14.389 GMT+0100,5749.02,5748.02
24.06.2016 08:01:14.890 GMT+0100,5748.42,5747.42
24.06.2016 08:01:15.257 GMT+0100,5748.14,5746.98
24.06.2016 08:01:15.586 GMT+0100,5748.24,5747.24
24.06.2016 08:01:15.994 GMT+0100,5748.02,5747.02
24.06.2016 08:01:16.494 GMT+0100,5747.87,5746.87
24.06.2016 08:01:16.800 GMT+0100,5746.52,5745.52
24.06.2016 08:01:17.207 GMT+0100,5746.6,5745.6
24.06.2016 08:01:17.567 GMT+0100,5747.3,5746.3
24.06.2016 08:01:17.897 GMT+0100,5747.33,5746.33
24.06.2016 08:01:18.337 GMT+0100,5746.67,5745.67
24.06.2016 08:01:18.667 GMT+0100,5746.77,5745.77
24.06.2016 08:01:19.107 GMT+0100,5746.86,5745.86
24.06.2016 08:01:19.987 GMT+0100,5746.77,5745.77
24.06.2016 08:01:20.537 GMT+0100,5746.63,5745.63
24.06.2016 08:01:20.841 GMT+0100,5746.72,5745.72
24.06.2016 08:01:21.307 GMT+0100,5747.25,5746.25
24.06.2016 08:01:21.805 GMT+0100,5747.28,5746.28
24.06.2016 08:01:22.297 GMT+0100,5747.31,5746.31
24.06.2016 08:01:22.737 GMT+0100,5747.47,5746.47
24.06.2016 08:01:23.178 GMT+0100,5747.31,5746.31
24.06.2016 08:01:23.507 GMT+0100,5747.68,5746.68
24.06.2016 08:01:23.895 GMT+0100,5749.885,5748.27
24.06.2016 08:01:24.240 GMT+0100,5748.38,5747.38
24.06.2016 08:01:24.624 GMT+0100,5747.89,5746.89
24.06.2016 08:01:24.937 GMT+0100,5748.77,5747.77
24.06.2016 08:01:25.403 GMT+0100,5750.4,5749.4
24.06.2016 08:01:25.708 GMT+0100,5749.885,5748.77
24.06.2016 08:01:26.133 GMT+0100,5749.43,5748.36
24.06.2016 08:01:26.476 GMT+0100,5749.77,5748.74
24.06.2016 08:01:26.808 GMT+0100,5749.405,5748.31
24.06.2016 08:01:27.247 GMT+0100,5749.475,5748.45
24.06.2016 08:01:27.598 GMT+0100,5750.15,5749.15
24.06.2016 08:01:27.907 GMT+0100,5750.31,5749.31
24.06.2016 08:01:28.237 GMT+0100,5749.66,5748.66
24.06.2016 08:01:28.777 GMT+0100,5749.82,5748.82
24.06.2016 08:01:29.337 GMT+0100,5749.745,5748.69
24.06.2016 08:01:29.996 GMT+0100,5750.02,5749.02
24.06.2016 08:01:30.546 GMT+0100,5750.17,5749.17
24.06.2016 08:01:31.101 GMT+0100,5750.77,5749.77
24.06.2016 08:01:31.427 GMT+0100,5751.4,5750.4
24.06.2016 08:01:32.637 GMT+0100,5752.02,5751.02
24.06.2016 08:01:33.186 GMT+0100,5752.37,5751.37
24.06.2016 08:01:33.627 GMT+0100,5752.45,5751.45
24.06.2016 08:01:34.506 GMT+0100,5752.46,5751.46
24.06.2016 08:01:34.946 GMT+0100,5752.19,5751.19
24.06.2016 08:01:35.315 GMT+0100,5752.22,5751.22
24.06.2016 08:01:35.676 GMT+0100,5752.34,5751.34
24.06.2016 08:01:36.157 GMT+0100,5751.91,5750.91
24.06.2016 08:01:36.596 GMT+0100,5751.65,5750.65
24.06.2016 08:01:36.927 GMT+0100,5751.52,5750.52
24.06.2016 08:01:37.366 GMT+0100,5751.31,5750.31
24.06.2016 08:01:38.576 GMT+0100,5751.52,5750.52
24.06.2016 08:01:39.004 GMT+0100,5751.69,5750.69
24.06.2016 08:01:39.407 GMT+0100,5751.65,5750.65
24.06.2016 08:01:39.897 GMT+0100,5751.62,5750.62
24.06.2016 08:01:40.226 GMT+0100,5751.72,5750.72
24.06.2016 08:01:40.690 GMT+0100,5751.27,5750.27
24.06.2016 08:01:41.087 GMT+0100,5750.77,5749.77
24.06.2016 08:01:41.689 GMT+0100,5750.52,5749.52
24.06.2016 08:01:42.167 GMT+0100,5751.36,5750.36
24.06.2016 08:01:42.646 GMT+0100,5751.55,5750.55
24.06.2016 08:01:43.089 GMT+0100,5751.21,5750.21
24.06.2016 08:01:43.636 GMT+0100,5751.46,5750.46
24.06.2016 08:01:44.413 GMT+0100,5751.52,5750.52
24.06.2016 08:01:44.846 GMT+0100,5751.44,5750.44
24.06.2016 08:01:45.286 GMT+0100,5752.02,5751.02
24.06.2016 08:01:45.754 GMT+0100,5752.27,5751.27
24.06.2016 08:01:46.118 GMT+0100,5752.26,5751.26
24.06.2016 08:01:46.496 GMT+0100,5752.36,5751.36
24.06.2016 08:01:47.046 GMT+0100,5753.27,5752.27
24.06.2016 08:01:47.486 GMT+0100,5753.65,5752.65
24.06.2016 08:01:48.031 GMT+0100,5754.02,5753.02
24.06.2016 08:01:48.696 GMT+0100,5754.52,5753.52
24.06.2016 08:01:49.136 GMT+0100,5755.02,5754.02
24.06.2016 08:01:49.466 GMT+0100,5757.77,5755.885
24.06.2016 08:01:49.816 GMT+0100,5757.36,5756.36
24.06.2016 08:01:50.129 GMT+0100,5757.52,5756.52
24.06.2016 08:01:50.566 GMT+0100,5756.92,5755.92
24.06.2016 08:01:50.903 GMT+0100,5756.96,5755.96
24.06.2016 08:01:51.271 GMT+0100,5756.835,5755.67
24.06.2016 08:01:51.589 GMT+0100,5757.45,5756.45
24.06.2016 08:01:52.246 GMT+0100,5758.52,5757.52
24.06.2016 08:01:52.645 GMT+0100,5758.86,5757.86
24.06.2016 08:01:53.048 GMT+0100,5759.27,5758.27
24.06.2016 08:01:53.452 GMT+0100,5758.77,5757.77
24.06.2016 08:01:53.780 GMT+0100,5759.12,5758.12
24.06.2016 08:01:54.156 GMT+0100,5759.02,5758.02
24.06.2016 08:01:54.639 GMT+0100,5760.87,5759.87
24.06.2016 08:01:55.186 GMT+0100,5761.27,5760.27
24.06.2016 08:01:55.676 GMT+0100,5761.61,5760.61
24.06.2016 08:01:56.070 GMT+0100,5762.02,5761.02
24.06.2016 08:01:56.396 GMT+0100,5765.88,5764.88
24.06.2016 08:01:56.726 GMT+0100,5765.96,5764.96
24.06.2016 08:01:57.241 GMT+0100,5766.09,5765.09
24.06.2016 08:01:57.642 GMT+0100,5765.92,5764.92
24.06.2016 08:01:58.194 GMT+0100,5766.36,5765.36
24.06.2016 08:01:58.596 GMT+0100,5764.745,5763.69
24.06.2016 08:01:58.946 GMT+0100,5764.9,5763.9
24.06.2016 08:01:59.366 GMT+0100,5764.69,5763.69
24.06.2016 08:02:00.026 GMT+0100,5765.02,5764.02
24.06.2016 08:02:00.400 GMT+0100,5765.42,5764.42
24.06.2016 08:02:00.798 GMT+0100,5765.87,5764.87
24.06.2016 08:02:01.202 GMT+0100,5766.12,5765.12
24.06.2016 08:02:01.676 GMT+0100,5766.7,5765.7
24.06.2016 08:02:02.055 GMT+0100,5766.88,5765.88
24.06.2016 08:02:02.446 GMT+0100,5766.35,5765.35
24.06.2016 08:02:02.776 GMT+0100,5766.77,5765.77
24.06.2016 08:02:03.114 GMT+0100,5766.88,5765.88
24.06.2016 08:02:03.559 GMT+0100,5766.69,5765.69
24.06.2016 08:02:03.908 GMT+0100,5765.52,5764.52
24.06.2016 08:02:04.409 GMT+0100,5764.71,5763.71
24.06.2016 08:02:04.756 GMT+0100,5766.38,5765.38
24.06.2016 08:02:05.162 GMT+0100,5766.4,5765.4
24.06.2016 08:02:05.526 GMT+0100,5766.38,5765.38
24.06.2016 08:02:06.185 GMT+0100,5766.52,5765.52
24.06.2016 08:02:06.846 GMT+0100,5766.15,5765.15
24.06.2016 08:02:07.287 GMT+0100,5766.24,5765.24
24.06.2016 08:02:07.619 GMT+0100,5764.785,5763.77
24.06.2016 08:02:07.940 GMT+0100,5764.9,5763.9
24.06.2016 08:02:08.276 GMT+0100,5764.02,5763.02
24.06.2016 08:02:08.622 GMT+0100,5762.85,5761.85
24.06.2016 08:02:08.948 GMT+0100,5762.81,5761.81
24.06.2016 08:02:09.351 GMT+0100,5762.55,5761.55
24.06.2016 08:02:09.756 GMT+0100,5763.21,5761.12
24.06.2016 08:02:10.256 GMT+0100,5765.02,5764.02
24.06.2016 08:02:10.632 GMT+0100,5764.85,5763.85
24.06.2016 08:02:10.958 GMT+0100,5765.19,5764.19
24.06.2016 08:02:11.356 GMT+0100,5766.52,5765.52
24.06.2016 08:02:11.766 GMT+0100,5766.47,5765.47
24.06.2016 08:02:12.126 GMT+0100,5766.31,5765.31
24.06.2016 08:02:12.566 GMT+0100,5766.19,5765.19
24.06.2016 08:02:12.969 GMT+0100,5765.4,5764.4
24.06.2016 08:02:13.336 GMT+0100,5765.85,5764.85
24.06.2016 08:02:13.776 GMT+0100,5766.12,5765.12
24.06.2016 08:02:14.435 GMT+0100,5765.62,5764.62
24.06.2016 08:02:14.766 GMT+0100,5765.52,5764.52
24.06.2016 08:02:15.297 GMT+0100,5766.32,5765.32
24.06.2016 08:02:15.756 GMT+0100,5766.22,5765.22
24.06.2016 08:02:16.301 GMT+0100,5766.02,5765.02
24.06.2016 08:02:16.787 GMT+0100,5765.52,5764.52
24.06.2016 08:02:17.186 GMT+0100,5766.02,5765.02
24.06.2016 08:02:17.736 GMT+0100,5766.09,5765.09
24.06.2016 08:02:18.106 GMT+0100,5765.77,5764.77
24.06.2016 08:02:18.415 GMT+0100,5766.62,5765.62
24.06.2016 08:02:18.726 GMT+0100,5766.31,5765.31
24.06.2016 08:02:19.166 GMT+0100,5766.38,5765.38
24.06.2016 08:02:19.606 GMT+0100,5766.55,5765.55
24.06.2016 08:02:20.164 GMT+0100,5766.59,5765.59
24.06.2016 08:02:20.596 GMT+0100,5766.31,5765.31
24.06.2016 08:02:20.926 GMT+0100,5766.32,5765.32
24.06.2016 08:02:21.366 GMT+0100,5765.4,5764.4
24.06.2016 08:02:21.786 GMT+0100,5765.41,5764.41
24.06.2016 08:02:22.277 GMT+0100,5765.85,5764.85
24.06.2016 08:02:22.796 GMT+0100,5765.52,5764.52
24.06.2016 08:02:23.675 GMT+0100,5766.19,5765.19
24.06.2016 08:02:24.226 GMT+0100,5766.27,5765.27
24.06.2016 08:02:24.538 GMT+0100,5766.47,5765.47
24.06.2016 08:02:24.886 GMT+0100,5766.15,5765.15
24.06.2016 08:02:25.216 GMT+0100,5766.4,5765.4
24.06.2016 08:02:25.632 GMT+0100,5766.35,5765.35
24.06.2016 08:02:25.985 GMT+0100,5766.22,5765.22
24.06.2016 08:02:26.536 GMT+0100,5766.35,5765.35
24.06.2016 08:02:26.878 GMT+0100,5766.48,5765.48
24.06.2016 08:02:27.306 GMT+0100,5766.74,5765.74
24.06.2016 08:02:27.637 GMT+0100,5768.85,5767.425
24.06.2016 08:02:27.944 GMT+0100,5769.16,5768.02
24.06.2016 08:02:28.626 GMT+0100,5769.96,5768.96
24.06.2016 08:02:29.145 GMT+0100,5769.92,5768.92
24.06.2016 08:02:29.616 GMT+0100,5770.02,5769.02
24.06.2016 08:02:30.166 GMT+0100,5771.35,5770.35
24.06.2016 08:02:30.764 GMT+0100,5771.02,5770.02
24.06.2016 08:02:31.066 GMT+0100,5771.27,5770.27
24.06.2016 08:02:31.486 GMT+0100,5772.02,5771.02
24.06.2016 08:02:31.807 GMT+0100,5772.15,5771.15
24.06.2016 08:02:32.256 GMT+0100,5772.31,5771.31
24.06.2016 08:02:33.025 GMT+0100,5772.39,5771.39
24.06.2016 08:02:33.356 GMT+0100,5771.77,5770.77
24.06.2016 08:02:33.826 GMT+0100,5771.92,5770.92
24.06.2016 08:02:34.178 GMT+0100,5772.32,5771.32
24.06.2016 08:02:34.676 GMT+0100,5773.12,5772.12
24.06.2016 08:02:35.005 GMT+0100,5773.785,5772.77
24.06.2016 08:02:35.445 GMT+0100,5773.735,5772.67
24.06.2016 08:02:35.776 GMT+0100,5772.995,5771.69
24.06.2016 08:02:36.086 GMT+0100,5772.82,5771.82
24.06.2016 08:02:36.471 GMT+0100,5772.15,5771.15
24.06.2016 08:02:36.789 GMT+0100,5771.77,5770.77
24.06.2016 08:02:37.090 GMT+0100,5771.41,5770.41
24.06.2016 08:02:37.395 GMT+0100,5770.61,5769.61
24.06.2016 08:02:37.975 GMT+0100,5769.14,5768.14
24.06.2016 08:02:38.296 GMT+0100,5768.77,5767.77
24.06.2016 08:02:38.636 GMT+0100,5768.31,5767.31
24.06.2016 08:02:38.965 GMT+0100,5767.88,5766.88
24.06.2016 08:02:39.580 GMT+0100,5768.15,5767.15
24.06.2016 08:02:40.105 GMT+0100,5767.81,5766.81
24.06.2016 08:02:40.687 GMT+0100,5768.02,5767.02
24.06.2016 08:02:41.165 GMT+0100,5767.95,5766.95
24.06.2016 08:02:41.529 GMT+0100,5767.92,5766.92
24.06.2016 08:02:42.155 GMT+0100,5767.44,5766.44
24.06.2016 08:02:42.483 GMT+0100,5768.08,5766.86
24.06.2016 08:02:43.208 GMT+0100,5768.06,5767.06
24.06.2016 08:02:43.597 GMT+0100,5767.72,5766.64
24.06.2016 08:02:43.948 GMT+0100,5768.27,5767.27
24.06.2016 08:02:44.262 GMT+0100,5767.35,5766.35
24.06.2016 08:02:44.575 GMT+0100,5767.28,5766.28
24.06.2016 08:02:45.026 GMT+0100,5768.33,5767.33
24.06.2016 08:02:45.455 GMT+0100,5767.42,5766.42
24.06.2016 08:02:45.786 GMT+0100,5767.43,5766.43
24.06.2016 08:02:46.225 GMT+0100,5766.745,5765.69
24.06.2016 08:02:46.555 GMT+0100,5767.02,5766.02
24.06.2016 08:02:47.105 GMT+0100,5766.85,5765.85
24.06.2016 08:02:47.765 GMT+0100,5766.83,5765.83
24.06.2016 08:02:48.140 GMT+0100,5766.87,5765.87
24.06.2016 08:02:48.535 GMT+0100,5765.88,5764.88
24.06.2016 08:02:48.896 GMT+0100,5765.9,5764.9
24.06.2016 08:02:49.246 GMT+0100,5765.89,5764.89
24.06.2016 08:02:49.636 GMT+0100,5766.65,5765.65
24.06.2016 08:02:49.984 GMT+0100,5765.15,5764.15
24.06.2016 08:02:50.302 GMT+0100,5764.245,5763.19
24.06.2016 08:02:50.654 GMT+0100,5765.67,5764.67
24.06.2016 08:02:51.065 GMT+0100,5765.72,5764.72
24.06.2016 08:02:51.453 GMT+0100,5765.16,5763.52
24.06.2016 08:02:51.809 GMT+0100,5766.27,5765.27
24.06.2016 08:02:52.164 GMT+0100,5766.35,5765.35
24.06.2016 08:02:52.487 GMT+0100,5766.16,5765.16
24.06.2016 08:02:52.869 GMT+0100,5766.49,5765.49
24.06.2016 08:02:53.172 GMT+0100,5766.71,5765.71
24.06.2016 08:02:53.500 GMT+0100,5767.47,5766.47
24.06.2016 08:02:53.825 GMT+0100,5767.65,5766.65
24.06.2016 08:02:54.185 GMT+0100,5767.97,5766.97
24.06.2016 08:02:54.515 GMT+0100,5767.52,5766.52
24.06.2016 08:02:55.025 GMT+0100,5767.285,5766.27
24.06.2016 08:02:55.462 GMT+0100,5767.69,5766.69
24.06.2016 08:02:55.837 GMT+0100,5768.12,5767.12
24.06.2016 08:02:56.466 GMT+0100,5767.925,5766.85
24.06.2016 08:02:56.785 GMT+0100,5768.13,5767.13
24.06.2016 08:02:57.335 GMT+0100,5764.74,5763.74
24.06.2016 08:02:58.145 GMT+0100,5764.77,5763.77
24.06.2016 08:02:58.519 GMT+0100,5764.74,5763.74
24.06.2016 08:02:58.875 GMT+0100,5762.97,5761.97
24.06.2016 08:02:59.225 GMT+0100,5763.32,5762.32
24.06.2016 08:02:59.543 GMT+0100,5763.02,5762.02
24.06.2016 08:03:00.085 GMT+0100,5763.52,5762.52
24.06.2016 08:03:00.459 GMT+0100,5764.32,5763.14
24.06.2016 08:03:00.866 GMT+0100,5766.45,5765.45
24.06.2016 08:03:01.185 GMT+0100,5766.71,5765.71
24.06.2016 08:03:01.625 GMT+0100,5766.95,5765.95
24.06.2016 08:03:01.997 GMT+0100,5766.72,5765.72
24.06.2016 08:03:02.505 GMT+0100,5766.97,5765.97
24.06.2016 08:03:03.020 GMT+0100,5767.02,5766.02
24.06.2016 08:03:03.385 GMT+0100,5767.37,5766.37
24.06.2016 08:03:03.705 GMT+0100,5767.73,5766.73
24.06.2016 08:03:04.123 GMT+0100,5767.68,5766.68
24.06.2016 08:03:04.595 GMT+0100,5768.18,5767.18
24.06.2016 08:03:05.035 GMT+0100,5768.08,5767.08
24.06.2016 08:03:05.475 GMT+0100,5768.32,5767.32
24.06.2016 08:03:05.937 GMT+0100,5769.52,5768.52
24.06.2016 08:03:06.266 GMT+0100,5769.27,5768.27
24.06.2016 08:03:06.709 GMT+0100,5769.52,5768.52
24.06.2016 08:03:07.015 GMT+0100,5769.35,5768.35
24.06.2016 08:03:07.444 GMT+0100,5769.29,5768.29
24.06.2016 08:03:07.746 GMT+0100,5769.25,5768.25
24.06.2016 08:03:08.184 GMT+0100,5769.295,5768.29
24.06.2016 08:03:08.819 GMT+0100,5769.66,5768.66
24.06.2016 08:03:09.244 GMT+0100,5769.87,5768.87
24.06.2016 08:03:09.656 GMT+0100,5770.02,5769.02
24.06.2016 08:03:09.984 GMT+0100,5769.94,5768.94
24.06.2016 08:03:10.318 GMT+0100,5770.41,5769.41
24.06.2016 08:03:10.754 GMT+0100,5770.95,5769.95
24.06.2016 08:03:11.304 GMT+0100,5770.86,5769.86
24.06.2016 08:03:11.975 GMT+0100,5770.85,5769.85
24.06.2016 08:03:12.377 GMT+0100,5770.81,5769.81
24.06.2016 08:03:12.735 GMT+0100,5770.95,5769.95
24.06.2016 08:03:13.087 GMT+0100,5770.77,5769.77
24.06.2016 08:03:13.505 GMT+0100,5770.94,5769.94
24.06.2016 08:03:13.897 GMT+0100,5770.93,5769.93
24.06.2016 08:03:14.274 GMT+0100,5769.99,5768.98
24.06.2016 08:03:14.644 GMT+0100,5769.77,5768.77
24.06.2016 08:03:15.594 GMT+0100,5770.02,5769.02
24.06.2016 08:03:15.950 GMT+0100,5770.24,5769.18
24.06.2016 08:03:16.402 GMT+0100,5770.16,5769.02
24.06.2016 08:03:16.915 GMT+0100,5770.52,5769.52
24.06.2016 08:03:17.244 GMT+0100,5770.35,5769.35
24.06.2016 08:03:18.014 GMT+0100,5770.245,5769.19
24.06.2016 08:03:18.474 GMT+0100,5770.215,5769.13
24.06.2016 08:03:18.784 GMT+0100,5770.27,5769.27
24.06.2016 08:03:19.335 GMT+0100,5770.82,5769.82
24.06.2016 08:03:19.664 GMT+0100,5770.85,5769.85
24.06.2016 08:03:20.105 GMT+0100,5770.64,5769.64
24.06.2016 08:03:20.874 GMT+0100,5770.5,5769.5
24.06.2016 08:03:21.218 GMT+0100,5770.64,5769.64
24.06.2016 08:03:21.569 GMT+0100,5770.61,5769.61
24.06.2016 08:03:21.956 GMT+0100,5770.87,5769.87
24.06.2016 08:03:22.563 GMT+0100,5770.77,5769.77
24.06.2016 08:03:23.184 GMT+0100,5770.71,5769.71
24.06.2016 08:03:23.735 GMT+0100,5769.84,5768.68
24.06.2016 08:03:24.756 GMT+0100,5769.765,5768.73
24.06.2016 08:03:25.105 GMT+0100,5770.08,5769.08
24.06.2016 08:03:25.714 GMT+0100,5769.68,5768.68
24.06.2016 08:03:26.814 GMT+0100,5769.79,5768.79
24.06.2016 08:03:27.254 GMT+0100,5769.82,5768.82
24.06.2016 08:03:27.595 GMT+0100,5769.71,5768.62
24.06.2016 08:03:28.147 GMT+0100,5769.94,5768.94
24.06.2016 08:03:28.541 GMT+0100,5769.93,5768.93
24.06.2016 08:03:28.908 GMT+0100,5769.97,5768.97
24.06.2016 08:03:29.411 GMT+0100,5770.1,5769.1
24.06.2016 08:03:30.114 GMT+0100,5770.09,5769.09
24.06.2016 08:03:30.444 GMT+0100,5770.33,5769.33
24.06.2016 08:03:30.808 GMT+0100,5770.42,5769.42
24.06.2016 08:03:31.214 GMT+0100,5770.185,5769.07
24.06.2016 08:03:31.654 GMT+0100,5770.64,5769.64
24.06.2016 08:03:32.006 GMT+0100,5770.66,5769.66
24.06.2016 08:03:33.019 GMT+0100,5770.69,5769.69
24.06.2016 08:03:33.461 GMT+0100,5770.27,5769.24
24.06.2016 08:03:33.897 GMT+0100,5770.55,5769.55
24.06.2016 08:03:34.457 GMT+0100,5770.59,5769.59
24.06.2016 08:03:34.844 GMT+0100,5770.65,5769.65
24.06.2016 08:03:35.614 GMT+0100,5770.59,5769.59
24.06.2016 08:03:35.970 GMT+0100,5770.58,5769.58
24.06.2016 08:03:36.332 GMT+0100,5770.77,5769.77
24.06.2016 08:03:36.714 GMT+0100,5770.32,5769.32
24.06.2016 08:03:37.094 GMT+0100,5770.06,5769.06
24.06.2016 08:03:37.476 GMT+0100,5770.08,5769.08
24.06.2016 08:03:37.778 GMT+0100,5770.29,5769.29
24.06.2016 08:03:38.254 GMT+0100,5769.76,5768.76
24.06.2016 08:03:38.584 GMT+0100,5769.475,5768.45
24.06.2016 08:03:38.948 GMT+0100,5769.715,5768.63
24.06.2016 08:03:39.356 GMT+0100,5769.735,5768.67
24.06.2016 08:03:39.794 GMT+0100,5770.18,5769.18
24.06.2016 08:03:40.124 GMT+0100,5769.68,5768.68
24.06.2016 08:03:40.452 GMT+0100,5769.42,5768.42
24.06.2016 08:03:40.792 GMT+0100,5769.52,5768.52
24.06.2016 08:03:41.116 GMT+0100,5769.425,5768.35
24.06.2016 08:03:41.458 GMT+0100,5769.66,5768.66
24.06.2016 08:03:41.884 GMT+0100,5769.285,5768.27
24.06.2016 08:03:42.401 GMT+0100,5769.18,5768.18
24.06.2016 08:03:42.803 GMT+0100,5769.14,5768.14
24.06.2016 08:03:43.284 GMT+0100,5769.35,5768.35
24.06.2016 08:03:43.644 GMT+0100,5769.39,5768.39
24.06.2016 08:03:44.659 GMT+0100,5769.77,5768.77
24.06.2016 08:03:45.844 GMT+0100,5769.85,5768.85
24.06.2016 08:03:46.280 GMT+0100,5769.66,5768.66
24.06.2016 08:03:46.614 GMT+0100,5770.3,5769.3
24.06.2016 08:03:46.986 GMT+0100,5770.32,5769.32
24.06.2016 08:03:47.384 GMT+0100,5770.34,5769.34
24.06.2016 08:03:47.824 GMT+0100,5769.73,5768.73
24.06.2016 08:03:48.374 GMT+0100,5769.75,5768.75
24.06.2016 08:03:48.791 GMT+0100,5769.77,5768.77
24.06.2016 08:03:49.144 GMT+0100,5768.77,5767.77
24.06.2016 08:03:49.487 GMT+0100,5768.9,5767.8
24.06.2016 08:03:49.795 GMT+0100,5769.12,5768.12
24.06.2016 08:03:50.134 GMT+0100,5769.27,5768.27
24.06.2016 08:03:50.684 GMT+0100,5769.3,5768.3
24.06.2016 08:03:51.454 GMT+0100,5769.18,5768.18
24.06.2016 08:03:52.224 GMT+0100,5769.22,5768.22
24.06.2016 08:03:52.554 GMT+0100,5769.27,5768.27
24.06.2016 08:03:53.104 GMT+0100,5769.24,5768.24
24.06.2016 08:03:53.445 GMT+0100,5769.52,5768.52
24.06.2016 08:03:54.461 GMT+0100,5769.55,5768.55
24.06.2016 08:03:54.965 GMT+0100,5769.59,5768.59
24.06.2016 08:03:55.743 GMT+0100,5769.68,5768.68
24.06.2016 08:03:56.515 GMT+0100,5769.65,5768.65
24.06.2016 08:03:56.844 GMT+0100,5769.62,5768.62
24.06.2016 08:03:58.163 GMT+0100,5769.18,5768.18
24.06.2016 08:03:58.985 GMT+0100,5769.15,5768.15
24.06.2016 08:03:59.411 GMT+0100,5768.65,5767.65
24.06.2016 08:04:00.254 GMT+0100,5768.22,5767.22
24.06.2016 08:04:00.627 GMT+0100,5768.24,5767.24
24.06.2016 08:04:00.944 GMT+0100,5768.13,5766.96
24.06.2016 08:04:01.280 GMT+0100,5769.22,5768.22
24.06.2016 08:04:01.683 GMT+0100,5768.27,5767.27
24.06.2016 08:04:01.996 GMT+0100,5768.32,5767.32
24.06.2016 08:04:02.454 GMT+0100,5767.68,5766.68
24.06.2016 08:04:02.784 GMT+0100,5767.85,5766.85
24.06.2016 08:04:03.188 GMT+0100,5768.27,5767.27
24.06.2016 08:04:04.009 GMT+0100,5768.18,5767.18
24.06.2016 08:04:04.411 GMT+0100,5768.02,5767.02
24.06.2016 08:04:04.984 GMT+0100,5768.18,5767.18
24.06.2016 08:04:05.423 GMT+0100,5768.29,5767.29
24.06.2016 08:04:05.973 GMT+0100,5768.35,5767.35
24.06.2016 08:04:06.303 GMT+0100,5768.45,5767.45
24.06.2016 08:04:06.634 GMT+0100,5768.24,5767.24
24.06.2016 08:04:07.073 GMT+0100,5768.365,5767.23
24.06.2016 08:04:07.403 GMT+0100,5769.02,5768.02
24.06.2016 08:04:07.733 GMT+0100,5769.18,5768.18
24.06.2016 08:04:08.075 GMT+0100,5769.09,5768.09
24.06.2016 08:04:08.613 GMT+0100,5769.16,5768.16
24.06.2016 08:04:09.163 GMT+0100,5769.18,5768.18
24.06.2016 08:04:09.507 GMT+0100,5769.23,5768.16
24.06.2016 08:04:09.923 GMT+0100,5769.55,5768.55
24.06.2016 08:04:10.324 GMT+0100,5769.92,5768.92
24.06.2016 08:04:10.704 GMT+0100,5770.21,5769.21
24.06.2016 08:04:11.145 GMT+0100,5769.92,5768.92
24.06.2016 08:04:11.528 GMT+0100,5769.65,5768.65
24.06.2016 08:04:12.024 GMT+0100,5769.48,5768.48
24.06.2016 08:04:12.463 GMT+0100,5769.63,5768.63
24.06.2016 08:04:12.795 GMT+0100,5769.77,5768.77
24.06.2016 08:04:13.344 GMT+0100,5769.62,5768.62
24.06.2016 08:04:13.898 GMT+0100,5769.64,5768.64
24.06.2016 08:04:14.243 GMT+0100,5769.86,5768.86
24.06.2016 08:04:14.773 GMT+0100,5769.68,5768.68
24.06.2016 08:04:15.145 GMT+0100,5769.1,5768.1
24.06.2016 08:04:15.543 GMT+0100,5769.29,5768.29
24.06.2016 08:04:15.983 GMT+0100,5769.09,5768.09
24.06.2016 08:04:16.471 GMT+0100,5769.33,5768.33
24.06.2016 08:04:16.863 GMT+0100,5769.42,5768.42
24.06.2016 08:04:17.358 GMT+0100,5769.11,5768.11
24.06.2016 08:04:17.853 GMT+0100,5768.53,5767.53
24.06.2016 08:04:18.212 GMT+0100,5768.73,5767.73
24.06.2016 08:04:18.567 GMT+0100,5768.53,5767.53
24.06.2016 08:04:19.309 GMT+0100,5768.73,5767.73
24.06.2016 08:04:19.773 GMT+0100,5768.53,5767.53
24.06.2016 08:04:20.273 GMT+0100,5769.12,5768.12
24.06.2016 08:04:20.603 GMT+0100,5769.1,5768.1
24.06.2016 08:04:21.043 GMT+0100,5769.57,5768.57
24.06.2016 08:04:21.373 GMT+0100,5769.61,5768.61
24.06.2016 08:04:21.703 GMT+0100,5769.52,5768.52
24.06.2016 08:04:22.057 GMT+0100,5769.47,5768.47
24.06.2016 08:04:22.482 GMT+0100,5769.27,5768.27
24.06.2016 08:04:22.834 GMT+0100,5769.37,5768.37
24.06.2016 08:04:23.185 GMT+0100,5769.27,5768.27
24.06.2016 08:04:23.573 GMT+0100,5769.12,5768.12
24.06.2016 08:04:23.950 GMT+0100,5769.08,5768.08
24.06.2016 08:04:24.413 GMT+0100,5769.2,5768.2
24.06.2016 08:04:25.113 GMT+0100,5769.22,5768.22
24.06.2016 08:04:25.793 GMT+0100,5769.25,5768.25
24.06.2016 08:04:26.103 GMT+0100,5769.09,5768.09
24.06.2016 08:04:26.433 GMT+0100,5769.08,5768.08
24.06.2016 08:04:26.763 GMT+0100,5769.07,5768.07
24.06.2016 08:04:27.534 GMT+0100,5768.9,5767.9
24.06.2016 08:04:27.973 GMT+0100,5768.93,5767.93
24.06.2016 08:04:28.327 GMT+0100,5768.74,5767.74
24.06.2016 08:04:28.743 GMT+0100,5768.95,5767.95
24.06.2016 08:04:29.073 GMT+0100,5768.64,5767.64
24.06.2016 08:04:29.427 GMT+0100,5768.75,5767.75
24.06.2016 08:04:29.925 GMT+0100,5768.71,5767.71
24.06.2016 08:04:30.456 GMT+0100,5767.78,5766.78
24.06.2016 08:04:31.163 GMT+0100,5767.68,5766.68
24.06.2016 08:04:31.603 GMT+0100,5767.64,5766.64
24.06.2016 08:04:32.074 GMT+0100,5768.03,5767.03
24.06.2016 08:04:32.483 GMT+0100,5768.94,5767.94
24.06.2016 08:04:33.033 GMT+0100,5769.12,5768.12
24.06.2016 08:04:33.341 GMT+0100,5768.89,5767.89
24.06.2016 08:04:33.712 GMT+0100,5768.79,5767.79
24.06.2016 08:04:34.023 GMT+0100,5769.02,5768.02
24.06.2016 08:04:34.412 GMT+0100,5768.98,5767.98
24.06.2016 08:04:35.233 GMT+0100,5768.65,5767.65
24.06.2016 08:04:35.673 GMT+0100,5768.27,5767.27
24.06.2016 08:04:36.003 GMT+0100,5768.4,5767.4
24.06.2016 08:04:36.333 GMT+0100,5768.18,5767.18
24.06.2016 08:04:36.656 GMT+0100,5767.99,5766.99
24.06.2016 08:04:37.093 GMT+0100,5768.77,5767.77
24.06.2016 08:04:37.659 GMT+0100,5767.94,5766.94
24.06.2016 08:04:38.093 GMT+0100,5767.57,5766.57
24.06.2016 08:04:38.533 GMT+0100,5767.54,5766.54
24.06.2016 08:04:38.886 GMT+0100,5767.62,5766.62
24.06.2016 08:04:39.279 GMT+0100,5767.68,5766.68
24.06.2016 08:04:39.853 GMT+0100,5767.31,5766.31
24.06.2016 08:04:40.384 GMT+0100,5767.48,5766.48
24.06.2016 08:04:40.843 GMT+0100,5767.4,5766.4
24.06.2016 08:04:41.173 GMT+0100,5767.36,5766.36
24.06.2016 08:04:41.729 GMT+0100,5766.76,5765.72
24.06.2016 08:04:42.053 GMT+0100,5767.04,5766.04
24.06.2016 08:04:42.493 GMT+0100,5766.88,5765.88
24.06.2016 08:04:43.263 GMT+0100,5766.77,5765.77
24.06.2016 08:04:44.253 GMT+0100,5766.96,5765.96
24.06.2016 08:04:44.698 GMT+0100,5766.42,5765.42
24.06.2016 08:04:45.023 GMT+0100,5765.11,5764.11
24.06.2016 08:04:45.365 GMT+0100,5765.39,5764.39
24.06.2016 08:04:45.868 GMT+0100,5765.46,5764.46
24.06.2016 08:04:46.298 GMT+0100,5764.75,5763.75
24.06.2016 08:04:46.783 GMT+0100,5764.49,5763.49
24.06.2016 08:04:47.525 GMT+0100,5764.21,5763.21
24.06.2016 08:04:47.882 GMT+0100,5764.19,5763.19
24.06.2016 08:04:48.212 GMT+0100,5764.18,5763.18
24.06.2016 08:04:48.612 GMT+0100,5764.16,5763.16
24.06.2016 08:04:48.982 GMT+0100,5763.85,5762.85
24.06.2016 08:04:49.415 GMT+0100,5762.85,5761.85
24.06.2016 08:04:49.973 GMT+0100,5762.64,5761.64
24.06.2016 08:04:50.303 GMT+0100,5762.63,5761.63
24.06.2016 08:04:50.619 GMT+0100,5762.64,5761.64
24.06.2016 08:04:51.075 GMT+0100,5762.475,5761.45
24.06.2016 08:04:51.423 GMT+0100,5762.11,5761.11
24.06.2016 08:04:51.953 GMT+0100,5762.44,5761.44
24.06.2016 08:04:52.392 GMT+0100,5761.66,5760.66
24.06.2016 08:04:52.723 GMT+0100,5761.35,5760.35
24.06.2016 08:04:53.418 GMT+0100,5761.24,5760.24
24.06.2016 08:04:53.822 GMT+0100,5761.09,5760.09
24.06.2016 08:04:54.336 GMT+0100,5760.77,5759.77
24.06.2016 08:04:54.922 GMT+0100,5760.75,5759.7
24.06.2016 08:04:55.339 GMT+0100,5760.85,5759.85
24.06.2016 08:04:55.693 GMT+0100,5760.11,5759.11
24.06.2016 08:04:56.022 GMT+0100,5760.16,5759.16
24.06.2016 08:04:56.444 GMT+0100,5760.14,5759.14
24.06.2016 08:04:56.793 GMT+0100,5760.5,5759.5
24.06.2016 08:04:57.124 GMT+0100,5760.47,5759.47
24.06.2016 08:04:57.452 GMT+0100,5760.48,5759.48
24.06.2016 08:04:57.855 GMT+0100,5760.47,5759.47
24.06.2016 08:04:58.442 GMT+0100,5760.42,5759.42
24.06.2016 08:04:58.883 GMT+0100,5760.48,5759.48
24.06.2016 08:04:59.212 GMT+0100,5759.89,5758.89
24.06.2016 08:04:59.762 GMT+0100,5759.02,5758.02
24.06.2016 08:05:00.135 GMT+0100,5759.27,5758.27
24.06.2016 08:05:00.634 GMT+0100,5758.52,5757.52
24.06.2016 08:05:00.973 GMT+0100,5759.07,5758.07
24.06.2016 08:05:01.302 GMT+0100,5759.14,5758.14
24.06.2016 08:05:01.632 GMT+0100,5759.09,5758.09
24.06.2016 08:05:01.983 GMT+0100,5759.46,5758.46
24.06.2016 08:05:02.385 GMT+0100,5759.6,5758.6
24.06.2016 08:05:02.734 GMT+0100,5760.09,5759.09
24.06.2016 08:05:03.318 GMT+0100,5760.27,5759.27
24.06.2016 08:05:03.724 GMT+0100,5760.85,5759.85
24.06.2016 08:05:04.104 GMT+0100,5761.3,5760.3
24.06.2016 08:05:04.493 GMT+0100,5761.23,5760.23
24.06.2016 08:05:04.844 GMT+0100,5761.85,5760.85
24.06.2016 08:05:05.264 GMT+0100,5761.95,5760.95
24.06.2016 08:05:05.611 GMT+0100,5762.45,5761.45
24.06.2016 08:05:05.929 GMT+0100,5762.43,5761.43
24.06.2016 08:05:06.235 GMT+0100,5763.68,5762.68
24.06.2016 08:05:06.734 GMT+0100,5763.285,5762.27
24.06.2016 08:05:07.134 GMT+0100,5765.02,5764.02
24.06.2016 08:05:07.585 GMT+0100,5765.82,5764.82
24.06.2016 08:05:07.904 GMT+0100,5765.41,5764.41
24.06.2016 08:05:08.791 GMT+0100,5765.4,5764.4
24.06.2016 08:05:09.559 GMT+0100,5767.92,5766.11
24.06.2016 08:05:09.946 GMT+0100,5767.12,5766.12
24.06.2016 08:05:10.348 GMT+0100,5766.52,5765.52
24.06.2016 08:05:10.653 GMT+0100,5767.37,5766.37
24.06.2016 08:05:11.094 GMT+0100,5766.785,5765.77
24.06.2016 08:05:11.534 GMT+0100,5766.45,5765.45
24.06.2016 08:05:12.055 GMT+0100,5765.52,5764.52
24.06.2016 08:05:12.523 GMT+0100,5765.46,5764.46
24.06.2016 08:05:13.733 GMT+0100,5765.56,5764.56
24.06.2016 08:05:14.064 GMT+0100,5764.865,5763.73
24.06.2016 08:05:14.406 GMT+0100,5765.22,5764.22
24.06.2016 08:05:14.765 GMT+0100,5764.765,5763.73
24.06.2016 08:05:15.133 GMT+0100,5764.85,5763.85
24.06.2016 08:05:15.713 GMT+0100,5765.29,5764.29
24.06.2016 08:05:16.139 GMT+0100,5766.35,5765.35
24.06.2016 08:05:16.472 GMT+0100,5766.02,5765.02
24.06.2016 08:05:17.034 GMT+0100,5766.83,5765.83
24.06.2016 08:05:17.473 GMT+0100,5765.68,5764.68
24.06.2016 08:05:17.828 GMT+0100,5765.77,5764.77
24.06.2016 08:05:18.391 GMT+0100,5765.87,5764.87
24.06.2016 08:05:18.831 GMT+0100,5765.12,5764.12
24.06.2016 08:05:19.284 GMT+0100,5765.15,5764.15
24.06.2016 08:05:19.685 GMT+0100,5765.12,5764.12
24.06.2016 08:05:20.086 GMT+0100,5765.22,5764.22
24.06.2016 08:05:20.879 GMT+0100,5765.14,5764.14
24.06.2016 08:05:21.339 GMT+0100,5764.97,5763.97
24.06.2016 08:05:21.765 GMT+0100,5765.18,5764.18
24.06.2016 08:05:22.141 GMT+0100,5765.12,5764.12
24.06.2016 08:05:23.084 GMT+0100,5765.18,5764.18
24.06.2016 08:05:24.074 GMT+0100,5765.12,5764.12
24.06.2016 08:05:24.450 GMT+0100,5765.27,5764.27
24.06.2016 08:05:25.065 GMT+0100,5767.02,5766.02
24.06.2016 08:05:25.613 GMT+0100,5766.09,5765.09
24.06.2016 08:05:26.054 GMT+0100,5766.32,5765.32
24.06.2016 08:05:26.383 GMT+0100,5766.075,5764.85
24.06.2016 08:05:27.184 GMT+0100,5766.285,5765.27
24.06.2016 08:05:27.530 GMT+0100,5766.445,5765.39
24.06.2016 08:05:28.015 GMT+0100,5766.8,5765.8
24.06.2016 08:05:28.417 GMT+0100,5766.89,5765.89
24.06.2016 08:05:28.901 GMT+0100,5767.24,5766.24
24.06.2016 08:05:29.453 GMT+0100,5767.71,5766.71
24.06.2016 08:05:29.903 GMT+0100,5767.77,5766.77
24.06.2016 08:05:30.453 GMT+0100,5767.73,5766.73
24.06.2016 08:05:30.893 GMT+0100,5767.7,5766.7
24.06.2016 08:05:31.333 GMT+0100,5767.95,5766.95
24.06.2016 08:05:31.663 GMT+0100,5767.93,5766.93
24.06.2016 08:05:32.129 GMT+0100,5767.76,5766.76
24.06.2016 08:05:32.433 GMT+0100,5767.52,5766.52
24.06.2016 08:05:32.759 GMT+0100,5767.27,5766.27
24.06.2016 08:05:33.204 GMT+0100,5767.16,5766.16
24.06.2016 08:05:34.413 GMT+0100,5767.42,5766.42
24.06.2016 08:05:35.513 GMT+0100,5767.62,5766.62
24.06.2016 08:05:35.953 GMT+0100,5767.57,5766.57
24.06.2016 08:05:36.328 GMT+0100,5767.66,5766.66
24.06.2016 08:05:36.723 GMT+0100,5767.71,5766.71
24.06.2016 08:05:37.152 GMT+0100,5767.88,5766.88
24.06.2016 08:05:37.493 GMT+0100,5767.8,5766.8
24.06.2016 08:05:37.933 GMT+0100,5767.435,5766.37
24.06.2016 08:05:38.264 GMT+0100,5767.57,5766.57
24.06.2016 08:05:38.659 GMT+0100,5767.55,5766.55
24.06.2016 08:05:39.033 GMT+0100,5767.89,5766.89
24.06.2016 08:05:39.344 GMT+0100,5768.1,5767.1
24.06.2016 08:05:39.764 GMT+0100,5768.18,5767.18
24.06.2016 08:05:40.066 GMT+0100,5768.585,5767.17
24.06.2016 08:05:40.399 GMT+0100,5769.64,5768.64
24.06.2016 08:05:41.344 GMT+0100,5769.77,5768.77
24.06.2016 08:05:41.670 GMT+0100,5770.07,5768.64
24.06.2016 08:05:42.059 GMT+0100,5770.85,5769.7
24.06.2016 08:05:42.874 GMT+0100,5771.14,5770.14
24.06.2016 08:05:43.433 GMT+0100,5772.15,5771.15
24.06.2016 08:05:43.901 GMT+0100,5772.17,5771.17
24.06.2016 08:05:44.443 GMT+0100,5772.12,5771.12
24.06.2016 08:05:44.972 GMT+0100,5772.16,5771.16
24.06.2016 08:05:45.380 GMT+0100,5772.17,5771.17
24.06.2016 08:05:45.684 GMT+0100,5772.59,5771.59
24.06.2016 08:05:46.084 GMT+0100,5773.2,5772.2
24.06.2016 08:05:46.385 GMT+0100,5773.22,5772.22
24.06.2016 08:05:46.740 GMT+0100,5773.27,5772.27
24.06.2016 08:05:47.063 GMT+0100,5773.24,5772.24
24.06.2016 08:05:47.613 GMT+0100,5773.37,5772.37
24.06.2016 08:05:48.103 GMT+0100,5773.31,5772.31
24.06.2016 08:05:48.493 GMT+0100,5773.77,5772.77
24.06.2016 08:05:48.951 GMT+0100,5774.42,5773.42
24.06.2016 08:05:49.278 GMT+0100,5774.43,5773.43
24.06.2016 08:05:49.593 GMT+0100,5775.23,5774.23
24.06.2016 08:05:49.949 GMT+0100,5775.12,5774.12
24.06.2016 08:05:50.301 GMT+0100,5775.97,5774.14
24.06.2016 08:05:50.693 GMT+0100,5777.73,5776.73
24.06.2016 08:05:51.105 GMT+0100,5777.52,5776.52
24.06.2016 08:05:51.407 GMT+0100,5778.425,5776.35
24.06.2016 08:05:51.878 GMT+0100,5780.18,5779.18
24.06.2016 08:05:52.225 GMT+0100,5779.925,5778.85
24.06.2016 08:05:52.783 GMT+0100,5780.52,5779.52
24.06.2016 08:05:53.223 GMT+0100,5780.68,5779.68
24.06.2016 08:05:53.813 GMT+0100,5780.85,5779.85
24.06.2016 08:05:54.213 GMT+0100,5781.13,5780.13
24.06.2016 08:05:54.740 GMT+0100,5781.27,5780.27
24.06.2016 08:05:55.205 GMT+0100,5781.41,5780.41
24.06.2016 08:05:55.524 GMT+0100,5781.16,5780.16
24.06.2016 08:05:55.925 GMT+0100,5781.13,5780.13
24.06.2016 08:05:56.249 GMT+0100,5780.27,5779.27
24.06.2016 08:05:56.634 GMT+0100,5781.16,5780.16
24.06.2016 08:05:56.963 GMT+0100,5781.02,5780.02
24.06.2016 08:05:57.623 GMT+0100,5781.34,5780.34
24.06.2016 08:05:58.063 GMT+0100,5781.39,5780.39
24.06.2016 08:05:58.864 GMT+0100,5781.41,5780.41
24.06.2016 08:05:59.382 GMT+0100,5781.72,5780.72
24.06.2016 08:05:59.870 GMT+0100,5781.73,5780.73
24.06.2016 08:06:00.216 GMT+0100,5781.45,5780.45
24.06.2016 08:06:00.704 GMT+0100,5781.33,5780.33
24.06.2016 08:06:01.143 GMT+0100,5781.71,5780.71
24.06.2016 08:06:01.550 GMT+0100,5781.91,5780.91
24.06.2016 08:06:01.852 GMT+0100,5782.05,5781.05
24.06.2016 08:06:02.153 GMT+0100,5784.4,5782.8
24.06.2016 08:06:02.573 GMT+0100,5785.51,5784.51
24.06.2016 08:06:02.902 GMT+0100,5785.97,5784.97
24.06.2016 08:06:03.673 GMT+0100,5786.01,5785.01
24.06.2016 08:06:04.064 GMT+0100,5786.11,5785.11
24.06.2016 08:06:04.417 GMT+0100,5785.85,5784.85
24.06.2016 08:06:04.773 GMT+0100,5786.01,5785.01
24.06.2016 08:06:05.164 GMT+0100,5786.21,5785.21
24.06.2016 08:06:05.707 GMT+0100,5786.66,5785.66
24.06.2016 08:06:06.094 GMT+0100,5787.87,5786.835
24.06.2016 08:06:06.574 GMT+0100,5787.68,5786.68
24.06.2016 08:06:06.974 GMT+0100,5787.85,5786.85
24.06.2016 08:06:07.330 GMT+0100,5788.01,5787.01
24.06.2016 08:06:08.184 GMT+0100,5787.94,5786.94
24.06.2016 08:06:08.514 GMT+0100,5787.85,5786.85
24.06.2016 08:06:08.827 GMT+0100,5788.11,5787.11
24.06.2016 08:06:09.244 GMT+0100,5787.93,5786.93
24.06.2016 08:06:09.832 GMT+0100,5788.26,5787.26
24.06.2016 08:06:10.185 GMT+0100,5788.41,5787.41
24.06.2016 08:06:10.714 GMT+0100,5788.3,5787.3
24.06.2016 08:06:11.262 GMT+0100,5788.11,5787.11
24.06.2016 08:06:11.704 GMT+0100,5789.26,5788.26
24.06.2016 08:06:12.144 GMT+0100,5788.85,5787.85
24.06.2016 08:06:12.913 GMT+0100,5789.26,5788.26
24.06.2016 08:06:13.352 GMT+0100,5789.8,5788.8
24.06.2016 08:06:13.682 GMT+0100,5789.51,5788.51
24.06.2016 08:06:14.013 GMT+0100,5790.09,5789.09
24.06.2016 08:06:14.342 GMT+0100,5790.26,5789.26
24.06.2016 08:06:15.142 GMT+0100,5790.44,5789.44
24.06.2016 08:06:15.772 GMT+0100,5790.76,5789.76
24.06.2016 08:06:16.322 GMT+0100,5790.8,5789.8
24.06.2016 08:06:16.712 GMT+0100,5791.01,5790.01
24.06.2016 08:06:17.203 GMT+0100,5791.89,5790.89
24.06.2016 08:06:17.532 GMT+0100,5791.2,5790.1
24.06.2016 08:06:17.982 GMT+0100,5791.74,5790.68
24.06.2016 08:06:18.302 GMT+0100,5792.05,5791.05
24.06.2016 08:06:18.742 GMT+0100,5793.26,5792.26
24.06.2016 08:06:19.086 GMT+0100,5793.11,5792.11
24.06.2016 08:06:19.402 GMT+0100,5793.71,5792.71
24.06.2016 08:06:19.732 GMT+0100,5793.76,5792.76
24.06.2016 08:06:20.252 GMT+0100,5793.88,5792.88
24.06.2016 08:06:20.597 GMT+0100,5793.85,5792.85
24.06.2016 08:06:21.163 GMT+0100,5793.89,5792.89
24.06.2016 08:06:21.602 GMT+0100,5793.81,5792.81
24.06.2016 08:06:22.132 GMT+0100,5793.68,5792.68
24.06.2016 08:06:22.434 GMT+0100,5793.44,5792.44
24.06.2016 08:06:22.812 GMT+0100,5793.57,5792.57
24.06.2016 08:06:24.902 GMT+0100,5793.67,5792.67
24.06.2016 08:06:25.263 GMT+0100,5793.74,5792.74
24.06.2016 08:06:25.673 GMT+0100,5793.9,5792.9
24.06.2016 08:06:26.347 GMT+0100,5794.35,5793.35
24.06.2016 08:06:26.812 GMT+0100,5794.28,5793.28
24.06.2016 08:06:27.152 GMT+0100,5794.32,5793.32
24.06.2016 08:06:27.515 GMT+0100,5793.84,5792.84
24.06.2016 08:06:27.854 GMT+0100,5793.9,5792.9
24.06.2016 08:06:28.243 GMT+0100,5793.96,5792.96
24.06.2016 08:06:28.706 GMT+0100,5794.08,5793.08
24.06.2016 08:06:29.012 GMT+0100,5793.96,5792.96
24.06.2016 08:06:29.358 GMT+0100,5793.97,5792.97
24.06.2016 08:06:30.260 GMT+0100,5793.76,5792.76
24.06.2016 08:06:31.432 GMT+0100,5793.74,5792.74
24.06.2016 08:06:31.765 GMT+0100,5793.76,5792.76
24.06.2016 08:06:32.067 GMT+0100,5795.45,5794.45
24.06.2016 08:06:32.478 GMT+0100,5796.01,5795.01
24.06.2016 08:06:33.082 GMT+0100,5795.35,5794.35
24.06.2016 08:06:33.632 GMT+0100,5795.68,5794.68
24.06.2016 08:06:33.962 GMT+0100,5795.63,5794.63
24.06.2016 08:06:34.375 GMT+0100,5795.58,5794.58
24.06.2016 08:06:34.790 GMT+0100,5795.56,5794.56
24.06.2016 08:06:35.172 GMT+0100,5795.16,5794.16
24.06.2016 08:06:35.612 GMT+0100,5795.51,5794.51
24.06.2016 08:06:35.942 GMT+0100,5795.75,5794.75
24.06.2016 08:06:36.272 GMT+0100,5796.25,5795.25
24.06.2016 08:06:36.625 GMT+0100,5795.705,5794.61
24.06.2016 08:06:36.984 GMT+0100,5796.19,5795.19
24.06.2016 08:06:37.285 GMT+0100,5795.58,5794.58
24.06.2016 08:06:37.592 GMT+0100,5794.51,5793.51
24.06.2016 08:06:37.922 GMT+0100,5794.39,5793.39
24.06.2016 08:06:38.693 GMT+0100,5794.23,5793.16
24.06.2016 08:06:39.087 GMT+0100,5793.945,5792.89
24.06.2016 08:06:39.396 GMT+0100,5793.72,5792.64
24.06.2016 08:06:39.795 GMT+0100,5794.3,5793.3
24.06.2016 08:06:40.232 GMT+0100,5794.12,5793.12
24.06.2016 08:06:40.634 GMT+0100,5794.29,5793.29
24.06.2016 08:06:41.132 GMT+0100,5793.94,5792.94
24.06.2016 08:06:41.462 GMT+0100,5794.06,5793.06
24.06.2016 08:06:41.827 GMT+0100,5794.04,5793.04
24.06.2016 08:06:42.154 GMT+0100,5793.68,5792.68
24.06.2016 08:06:42.902 GMT+0100,5793.6,5792.6
24.06.2016 08:06:43.232 GMT+0100,5793.74,5792.74
24.06.2016 08:06:43.561 GMT+0100,5794.18,5793.18
24.06.2016 08:06:44.088 GMT+0100,5794.21,5793.21
24.06.2016 08:06:44.774 GMT+0100,5793.9,5792.9
24.06.2016 08:06:45.214 GMT+0100,5793.4,5792.4
24.06.2016 08:06:45.518 GMT+0100,5793.6,5792.6
24.06.2016 08:06:45.872 GMT+0100,5792.01,5791.01
24.06.2016 08:06:46.221 GMT+0100,5792.1,5791.1
24.06.2016 08:06:47.082 GMT+0100,5791.98,5790.98
24.06.2016 08:06:47.504 GMT+0100,5791.68,5790.68
24.06.2016 08:06:47.852 GMT+0100,5791.89,5790.89
24.06.2016 08:06:48.182 GMT+0100,5791.68,5790.68
24.06.2016 08:06:48.511 GMT+0100,5791.61,5790.61
24.06.2016 08:06:48.831 GMT+0100,5791.47,5789.64
24.06.2016 08:06:49.134 GMT+0100,5792.76,5791.76
24.06.2016 08:06:49.647 GMT+0100,5791.28,5790.26
24.06.2016 08:06:50.140 GMT+0100,5791.51,5790.51
24.06.2016 08:06:50.560 GMT+0100,5792.82,5791.82
24.06.2016 08:06:50.932 GMT+0100,5792.2,5791.2
24.06.2016 08:06:51.503 GMT+0100,5792.355,5791.21
24.06.2016 08:06:51.808 GMT+0100,5792.87,5791.87
24.06.2016 08:06:52.311 GMT+0100,5792.97,5791.97
24.06.2016 08:06:52.653 GMT+0100,5792.85,5791.85
24.06.2016 08:06:53.132 GMT+0100,5793.28,5792.28
24.06.2016 08:06:53.507 GMT+0100,5793.01,5792.01
24.06.2016 08:06:53.907 GMT+0100,5793.28,5792.28
24.06.2016 08:06:54.232 GMT+0100,5793.14,5792.14
24.06.2016 08:06:54.669 GMT+0100,5792.66,5791.66
24.06.2016 08:06:55.001 GMT+0100,5792.18,5791.18
24.06.2016 08:06:55.372 GMT+0100,5792.14,5791.14
24.06.2016 08:06:55.772 GMT+0100,5791.97,5790.97
24.06.2016 08:06:56.102 GMT+0100,5792.21,5791.21
24.06.2016 08:06:56.763 GMT+0100,5792.66,5791.66
24.06.2016 08:06:57.091 GMT+0100,5792.85,5791.85
24.06.2016 08:06:57.580 GMT+0100,5791.7,5790.7
24.06.2016 08:06:57.971 GMT+0100,5791.71,5790.71
24.06.2016 08:06:58.350 GMT+0100,5791.85,5790.85
24.06.2016 08:06:58.687 GMT+0100,5792.51,5791.51
24.06.2016 08:06:59.088 GMT+0100,5792.68,5791.68
24.06.2016 08:06:59.419 GMT+0100,5792.85,5791.85
24.06.2016 08:06:59.842 GMT+0100,5793.26,5792.26
24.06.2016 08:07:00.195 GMT+0100,5793.31,5792.31
24.06.2016 08:07:00.497 GMT+0100,5793.21,5792.21
24.06.2016 08:07:00.832 GMT+0100,5793.01,5792.01
24.06.2016 08:07:01.161 GMT+0100,5792.94,5791.94
24.06.2016 08:07:01.603 GMT+0100,5793.21,5792.21
24.06.2016 08:07:01.933 GMT+0100,5793.14,5792.14
24.06.2016 08:07:02.261 GMT+0100,5792.155,5790.51
24.06.2016 08:07:02.609 GMT+0100,5791.26,5790.26
24.06.2016 08:07:02.910 GMT+0100,5791.68,5790.68
24.06.2016 08:07:03.212 GMT+0100,5791.43,5790.43
24.06.2016 08:07:03.593 GMT+0100,5794,5793
24.06.2016 08:07:04.089 GMT+0100,5791.76,5790.76
24.06.2016 08:07:04.422 GMT+0100,5792.78,5791.78
24.06.2016 08:07:05.012 GMT+0100,5793.21,5792.21
24.06.2016 08:07:05.342 GMT+0100,5793.19,5792.19
24.06.2016 08:07:05.970 GMT+0100,5793.05,5792.05
24.06.2016 08:07:06.328 GMT+0100,5793.01,5792.01
24.06.2016 08:07:06.661 GMT+0100,5791.51,5790.51
24.06.2016 08:07:06.987 GMT+0100,5792.26,5791.26
24.06.2016 08:07:07.381 GMT+0100,5792.64,5791.64
24.06.2016 08:07:07.761 GMT+0100,5792.3,5791.3
24.06.2016 08:07:08.112 GMT+0100,5792.16,5791.16
24.06.2016 08:07:08.533 GMT+0100,5792.11,5791.11
24.06.2016 08:07:08.889 GMT+0100,5792.01,5791.01
24.06.2016 08:07:09.207 GMT+0100,5794.26,5793.26
24.06.2016 08:07:09.622 GMT+0100,5794.39,5793.39
24.06.2016 08:07:10.101 GMT+0100,5795.91,5794.855
24.06.2016 08:07:10.432 GMT+0100,5795.35,5794.35
24.06.2016 08:07:10.797 GMT+0100,5795.21,5794.21
24.06.2016 08:07:11.132 GMT+0100,5795.68,5794.68
24.06.2016 08:07:11.450 GMT+0100,5795.66,5794.66
24.06.2016 08:07:11.751 GMT+0100,5795.61,5794.61
24.06.2016 08:07:12.301 GMT+0100,5795.68,5794.68
24.06.2016 08:07:12.862 GMT+0100,5795.83,5794.83
24.06.2016 08:07:13.308 GMT+0100,5795.72,5794.72
24.06.2016 08:07:14.089 GMT+0100,5795.76,5794.76
24.06.2016 08:07:14.418 GMT+0100,5795.98,5794.98
24.06.2016 08:07:14.832 GMT+0100,5798.01,5797.01
24.06.2016 08:07:15.412 GMT+0100,5798.28,5797.26
24.06.2016 08:07:15.845 GMT+0100,5798.68,5797.68
24.06.2016 08:07:16.173 GMT+0100,5798.51,5797.51
24.06.2016 08:07:16.568 GMT+0100,5798.84,5797.84
24.06.2016 08:07:17.404 GMT+0100,5798.95,5797.95
24.06.2016 08:07:18.251 GMT+0100,5797.76,5796.76
24.06.2016 08:07:18.631 GMT+0100,5797.51,5796.51
24.06.2016 08:07:18.957 GMT+0100,5797.35,5796.35
24.06.2016 08:07:19.351 GMT+0100,5798.37,5797.37
24.06.2016 08:07:19.791 GMT+0100,5798.68,5797.68
24.06.2016 08:07:20.121 GMT+0100,5798.39,5797.39
24.06.2016 08:07:20.592 GMT+0100,5798.12,5797.12
24.06.2016 08:07:20.942 GMT+0100,5798.26,5797.26
24.06.2016 08:07:21.297 GMT+0100,5798.11,5797.11
24.06.2016 08:07:21.598 GMT+0100,5799.01,5798.01
24.06.2016 08:07:22.211 GMT+0100,5798.91,5797.91
24.06.2016 08:07:22.605 GMT+0100,5799.35,5798.35
24.06.2016 08:07:23.091 GMT+0100,5799.05,5798.05
24.06.2016 08:07:23.421 GMT+0100,5799.07,5798.07
24.06.2016 08:07:23.757 GMT+0100,5799.65,5798.65
24.06.2016 08:07:24.089 GMT+0100,5799.85,5798.85
24.06.2016 08:07:24.410 GMT+0100,5799.91,5798.91
24.06.2016 08:07:24.783 GMT+0100,5801.49,5800.18
24.06.2016 08:07:25.219 GMT+0100,5802.01,5801.01
24.06.2016 08:07:25.723 GMT+0100,5801.78,5800.76
24.06.2016 08:07:26.066 GMT+0100,5801.81,5800.81
24.06.2016 08:07:26.502 GMT+0100,5803.21,5802.21
24.06.2016 08:07:27.121 GMT+0100,5803.61,5802.61
24.06.2016 08:07:27.736 GMT+0100,5806.255,5805.01
24.06.2016 08:07:28.239 GMT+0100,5808.82,5807.64
24.06.2016 08:07:28.647 GMT+0100,5808.38,5806.76
24.06.2016 08:07:29.088 GMT+0100,5807.51,5806.51
24.06.2016 08:07:29.690 GMT+0100,5806.955,5805.91
24.06.2016 08:07:30.021 GMT+0100,5807.51,5806.51
24.06.2016 08:07:30.391 GMT+0100,5808.01,5807.01
24.06.2016 08:07:30.795 GMT+0100,5807.72,5806.72
24.06.2016 08:07:31.221 GMT+0100,5807.87,5806.87
24.06.2016 08:07:31.562 GMT+0100,5807.89,5806.89
24.06.2016 08:07:31.891 GMT+0100,5807.76,5806.76
24.06.2016 08:07:32.253 GMT+0100,5807.59,5806.59
24.06.2016 08:07:32.661 GMT+0100,5809.78,5808.76
24.06.2016 08:07:33.211 GMT+0100,5809.91,5808.91
24.06.2016 08:07:33.651 GMT+0100,5809.83,5808.83
24.06.2016 08:07:34.127 GMT+0100,5810.18,5809.18
24.06.2016 08:07:34.751 GMT+0100,5810.51,5809.51
24.06.2016 08:07:35.402 GMT+0100,5810.48,5809.48
24.06.2016 08:07:35.852 GMT+0100,5810.37,5809.37
24.06.2016 08:07:36.173 GMT+0100,5810.31,5809.31
24.06.2016 08:07:36.495 GMT+0100,5810.51,5809.51
24.06.2016 08:07:36.842 GMT+0100,5810.84,5809.84
24.06.2016 08:07:37.219 GMT+0100,5811.08,5810.08
24.06.2016 08:07:37.574 GMT+0100,5810.64,5809.64
24.06.2016 08:07:37.875 GMT+0100,5810.61,5809.61
24.06.2016 08:07:38.270 GMT+0100,5810.79,5809.78
24.06.2016 08:07:38.601 GMT+0100,5810.84,5809.84
24.06.2016 08:07:39.487 GMT+0100,5811.23,5810.23
24.06.2016 08:07:39.834 GMT+0100,5811.23,5810.3
24.06.2016 08:07:39.922 GMT+0100,5811.46,5810.46
24.06.2016 08:07:40.208 GMT+0100,5815.18,5814.18
24.06.2016 08:07:40.788 GMT+0100,5815.34,5814.34
24.06.2016 08:07:41.130 GMT+0100,5816.51,5815.405
24.06.2016 08:07:41.682 GMT+0100,5816.39,5815.39
24.06.2016 08:07:42.120 GMT+0100,5816.76,5815.76
24.06.2016 08:07:42.499 GMT+0100,5816.935,5815.87
24.06.2016 08:07:42.891 GMT+0100,5817.76,5816.76
24.06.2016 08:07:43.662 GMT+0100,5817.42,5816.34
24.06.2016 08:07:44.008 GMT+0100,5817.78,5816.76
24.06.2016 08:07:44.419 GMT+0100,5818.26,5817.26
24.06.2016 08:07:44.762 GMT+0100,5820.51,5819.51
24.06.2016 08:07:45.110 GMT+0100,5822.39,5820.98
24.06.2016 08:07:45.421 GMT+0100,5823.26,5822.26
24.06.2016 08:07:45.817 GMT+0100,5823.01,5822.01
24.06.2016 08:07:46.216 GMT+0100,5822.84,5820.68
24.06.2016 08:07:46.631 GMT+0100,5826.14,5825.14
24.06.2016 08:07:47.840 GMT+0100,5826.3,5825.3
24.06.2016 08:07:48.610 GMT+0100,5826.4,5825.4
24.06.2016 08:07:48.976 GMT+0100,5826.31,5825.31
24.06.2016 08:07:49.286 GMT+0100,5826.37,5825.37
24.06.2016 08:07:49.601 GMT+0100,5826.26,5825.26
24.06.2016 08:07:50.291 GMT+0100,5826.51,5825.51
24.06.2016 08:07:50.795 GMT+0100,5826.41,5825.355
24.06.2016 08:07:51.142 GMT+0100,5825.27,5824.27
24.06.2016 08:07:51.470 GMT+0100,5824.97,5823.97
24.06.2016 08:07:51.800 GMT+0100,5824.28,5823.28
24.06.2016 08:07:52.240 GMT+0100,5824.51,5823.51
24.06.2016 08:07:52.571 GMT+0100,5824.43,5823.43
24.06.2016 08:07:53.120 GMT+0100,5824.89,5823.89
24.06.2016 08:07:53.450 GMT+0100,5825.06,5824.06
24.06.2016 08:07:53.780 GMT+0100,5824.96,5823.96
24.06.2016 08:07:54.221 GMT+0100,5825.76,5824.76
24.06.2016 08:07:54.661 GMT+0100,5825.84,5824.84
24.06.2016 08:07:55.016 GMT+0100,5826.095,5824.89
24.06.2016 08:07:55.410 GMT+0100,5826.65,5825.65
24.06.2016 08:07:55.792 GMT+0100,5826.91,5825.91
24.06.2016 08:07:56.420 GMT+0100,5826.68,5825.68
24.06.2016 08:07:56.751 GMT+0100,5827.09,5826.09
24.06.2016 08:07:57.088 GMT+0100,5827.39,5825.98
24.06.2016 08:07:57.462 GMT+0100,5827.53,5826.26
24.06.2016 08:07:57.850 GMT+0100,5828.44,5827.44
24.06.2016 08:07:58.620 GMT+0100,5828.75,5827.75
24.06.2016 08:07:59.094 GMT+0100,5828.34,5827.34
24.06.2016 08:07:59.395 GMT+0100,5827.31,5826.31
24.06.2016 08:07:59.830 GMT+0100,5827.39,5826.39
24.06.2016 08:08:00.160 GMT+0100,5826.61,5825.61
24.06.2016 08:08:00.521 GMT+0100,5827.84,5826.84
24.06.2016 08:08:00.853 GMT+0100,5826.855,5825.71
24.06.2016 08:08:01.260 GMT+0100,5827.51,5826.51
24.06.2016 08:08:01.586 GMT+0100,5827.21,5826.21
24.06.2016 08:08:01.910 GMT+0100,5827.38,5826.38
24.06.2016 08:08:02.398 GMT+0100,5827.3,5826.3
24.06.2016 08:08:02.748 GMT+0100,5827.61,5826.61
24.06.2016 08:08:03.066 GMT+0100,5828.51,5827.51
24.06.2016 08:08:03.460 GMT+0100,5829.01,5828.01
24.06.2016 08:08:03.949 GMT+0100,5829.13,5828.13
24.06.2016 08:08:04.251 GMT+0100,5828.87,5827.87
24.06.2016 08:08:05.001 GMT+0100,5828.51,5827.51
24.06.2016 08:08:05.991 GMT+0100,5828.86,5827.86
24.06.2016 08:08:06.434 GMT+0100,5829.36,5828.36
24.06.2016 08:08:06.760 GMT+0100,5829.42,5828.42
24.06.2016 08:08:07.091 GMT+0100,5829.84,5828.84
24.06.2016 08:08:07.583 GMT+0100,5830.01,5829.01
24.06.2016 08:08:07.910 GMT+0100,5830.68,5829.68
24.06.2016 08:08:08.850 GMT+0100,5830.95,5829.95
24.06.2016 08:08:09.181 GMT+0100,5830.88,5829.88
24.06.2016 08:08:09.510 GMT+0100,5831.07,5830.07
24.06.2016 08:08:09.932 GMT+0100,5830.73,5829.66
24.06.2016 08:08:10.234 GMT+0100,5831.37,5830.37
24.06.2016 08:08:10.535 GMT+0100,5831.87,5830.87
24.06.2016 08:08:10.872 GMT+0100,5832.21,5831.12
24.06.2016 08:08:11.240 GMT+0100,5832.76,5831.76
24.06.2016 08:08:11.601 GMT+0100,5832.88,5831.88
24.06.2016 08:08:11.952 GMT+0100,5833.07,5832.07
24.06.2016 08:08:12.324 GMT+0100,5832.41,5831.41
24.06.2016 08:08:12.816 GMT+0100,5832.58,5831.58
24.06.2016 08:08:13.181 GMT+0100,5832.51,5831.51
24.06.2016 08:08:13.482 GMT+0100,5832.58,5831.58
24.06.2016 08:08:13.852 GMT+0100,5832.51,5831.51
24.06.2016 08:08:14.240 GMT+0100,5831.68,5830.68
24.06.2016 08:08:14.570 GMT+0100,5833.34,5832.34
24.06.2016 08:08:14.900 GMT+0100,5833.26,5832.26
24.06.2016 08:08:15.340 GMT+0100,5832.18,5831.18
24.06.2016 08:08:15.865 GMT+0100,5834.01,5833.01
24.06.2016 08:08:16.267 GMT+0100,5834.08,5833.08
24.06.2016 08:08:16.661 GMT+0100,5833.13,5832.13
24.06.2016 08:08:16.970 GMT+0100,5833.51,5832.51
24.06.2016 08:08:17.431 GMT+0100,5833.45,5832.45
24.06.2016 08:08:17.760 GMT+0100,5832.68,5831.68
24.06.2016 08:08:18.082 GMT+0100,5832.535,5831.07
24.06.2016 08:08:18.465 GMT+0100,5833.86,5832.86
24.06.2016 08:08:18.976 GMT+0100,5832.58,5831.58
24.06.2016 08:08:19.301 GMT+0100,5832.61,5831.61
24.06.2016 08:08:19.960 GMT+0100,5832.11,5831.11
24.06.2016 08:08:20.290 GMT+0100,5831.8,5830.8
24.06.2016 08:08:20.688 GMT+0100,5831.76,5830.76
24.06.2016 08:08:21.091 GMT+0100,5832.26,5831.26
24.06.2016 08:08:21.484 GMT+0100,5832.55,5831.3
24.06.2016 08:08:21.794 GMT+0100,5833.38,5832.38
24.06.2016 08:08:22.380 GMT+0100,5834.11,5833.11
24.06.2016 08:08:22.874 GMT+0100,5833.88,5832.88
24.06.2016 08:08:23.200 GMT+0100,5833.68,5832.68
24.06.2016 08:08:23.567 GMT+0100,5836.51,5835.51
24.06.2016 08:08:23.926 GMT+0100,5836.88,5835.88
24.06.2016 08:08:24.406 GMT+0100,5836.21,5835.21
24.06.2016 08:08:24.950 GMT+0100,5835.87,5834.87
24.06.2016 08:08:25.311 GMT+0100,5835.755,5834.51
24.06.2016 08:08:25.713 GMT+0100,5835.93,5834.93
24.06.2016 08:08:26.062 GMT+0100,5836.68,5835.68
24.06.2016 08:08:26.367 GMT+0100,5837.01,5836.01
24.06.2016 08:08:26.669 GMT+0100,5838.45,5837.45
24.06.2016 08:08:27.020 GMT+0100,5838.84,5837.84
24.06.2016 08:08:27.440 GMT+0100,5837.51,5836.51
24.06.2016 08:08:27.769 GMT+0100,5836.95,5835.95
24.06.2016 08:08:28.209 GMT+0100,5837.26,5836.26
24.06.2016 08:08:28.579 GMT+0100,5836.89,5835.89
24.06.2016 08:08:29.032 GMT+0100,5837.19,5835.38
24.06.2016 08:08:29.421 GMT+0100,5838.71,5837.71
24.06.2016 08:08:29.735 GMT+0100,5838.26,5837.26
24.06.2016 08:08:30.037 GMT+0100,5838.51,5837.51
24.06.2016 08:08:30.340 GMT+0100,5839.68,5838.68
24.06.2016 08:08:30.743 GMT+0100,5840.22,5839.22
24.06.2016 08:08:31.096 GMT+0100,5840.91,5839.91
24.06.2016 08:08:31.619 GMT+0100,5839.38,5838.38
24.06.2016 08:08:32.061 GMT+0100,5840.01,5839.01
24.06.2016 08:08:32.455 GMT+0100,5839.33,5838.33
24.06.2016 08:08:32.829 GMT+0100,5838.51,5837.51
24.06.2016 08:08:33.380 GMT+0100,5838.68,5837.68
24.06.2016 08:08:33.709 GMT+0100,5838.4,5837.4
24.06.2016 08:08:34.061 GMT+0100,5839.84,5838.82
24.06.2016 08:08:34.420 GMT+0100,5840.33,5839.165
24.06.2016 08:08:34.809 GMT+0100,5838.51,5837.51
24.06.2016 08:08:35.166 GMT+0100,5838.87,5837.87
24.06.2016 08:08:35.467 GMT+0100,5839.01,5838.01
24.06.2016 08:08:35.799 GMT+0100,5838.61,5837.61
24.06.2016 08:08:36.171 GMT+0100,5837.92,5836.84
24.06.2016 08:08:36.473 GMT+0100,5838.34,5837.34
24.06.2016 08:08:36.990 GMT+0100,5838.51,5837.51
24.06.2016 08:08:37.340 GMT+0100,5838.34,5837.34
24.06.2016 08:08:37.807 GMT+0100,5838.76,5837.76
24.06.2016 08:08:38.179 GMT+0100,5839.79,5838.79
24.06.2016 08:08:38.549 GMT+0100,5838.76,5837.72
24.06.2016 08:08:38.879 GMT+0100,5838.88,5837.88
24.06.2016 08:08:39.319 GMT+0100,5839.26,5838.26
24.06.2016 08:08:39.759 GMT+0100,5839.37,5838.37
24.06.2016 08:08:40.089 GMT+0100,5840.45,5839.45
24.06.2016 08:08:40.419 GMT+0100,5839.51,5838.51
24.06.2016 08:08:40.916 GMT+0100,5839.28,5838.26
24.06.2016 08:08:41.300 GMT+0100,5839.57,5838.57
24.06.2016 08:08:41.601 GMT+0100,5839.76,5838.76
24.06.2016 08:08:41.903 GMT+0100,5839.24,5838.18
24.06.2016 08:08:42.206 GMT+0100,5839.81,5838.81
24.06.2016 08:08:42.509 GMT+0100,5843.21,5841.355
24.06.2016 08:08:42.839 GMT+0100,5843.01,5842.01
24.06.2016 08:08:43.210 GMT+0100,5843.26,5842.26
24.06.2016 08:08:43.512 GMT+0100,5843.11,5842.11
24.06.2016 08:08:43.829 GMT+0100,5841.68,5840.68
24.06.2016 08:08:44.215 GMT+0100,5841.45,5840.45
24.06.2016 08:08:44.536 GMT+0100,5841.58,5840.58
24.06.2016 08:08:44.920 GMT+0100,5840.84,5839.84
24.06.2016 08:08:45.431 GMT+0100,5841.26,5840.26
24.06.2016 08:08:45.919 GMT+0100,5840.98,5839.98
24.06.2016 08:08:46.477 GMT+0100,5841.18,5840.18
24.06.2016 08:08:46.928 GMT+0100,5841.22,5840.22
24.06.2016 08:08:47.241 GMT+0100,5841.26,5840.26
24.06.2016 08:08:47.582 GMT+0100,5842.07,5840.34
24.06.2016 08:08:47.899 GMT+0100,5842.74,5841.68
24.06.2016 08:08:48.231 GMT+0100,5842.28,5841.26
24.06.2016 08:08:48.671 GMT+0100,5842.18,5841.18
24.06.2016 08:08:49.115 GMT+0100,5844.26,5843.13
24.06.2016 08:08:49.421 GMT+0100,5842.77,5841.77
24.06.2016 08:08:50.141 GMT+0100,5842.74,5841.74
24.06.2016 08:08:50.560 GMT+0100,5842.34,5841.34
24.06.2016 08:08:51.147 GMT+0100,5842.06,5841.06
24.06.2016 08:08:51.529 GMT+0100,5842.15,5841.15
24.06.2016 08:08:51.851 GMT+0100,5842.07,5840.84
24.06.2016 08:08:52.354 GMT+0100,5843.71,5842.71
24.06.2016 08:08:52.739 GMT+0100,5844.84,5843.84
24.06.2016 08:08:53.069 GMT+0100,5845.01,5844.01
24.06.2016 08:08:53.509 GMT+0100,5844.58,5843.58
24.06.2016 08:08:53.861 GMT+0100,5844.68,5843.68
24.06.2016 08:08:54.280 GMT+0100,5844.51,5843.51
24.06.2016 08:08:54.648 GMT+0100,5843.84,5842.84
24.06.2016 08:08:55.270 GMT+0100,5843.65,5842.65
24.06.2016 08:08:55.620 GMT+0100,5843.11,5842.11
24.06.2016 08:08:56.260 GMT+0100,5842.88,5841.76
24.06.2016 08:08:56.611 GMT+0100,5842.73,5841.73
24.06.2016 08:08:56.974 GMT+0100,5842.65,5841.65
24.06.2016 08:08:57.361 GMT+0100,5842.76,5841.76
24.06.2016 08:08:57.799 GMT+0100,5842.65,5841.65
24.06.2016 08:08:58.250 GMT+0100,5842.7,5841.7
24.06.2016 08:08:58.623 GMT+0100,5841.76,5840.76
24.06.2016 08:08:58.933 GMT+0100,5841.84,5840.84
24.06.2016 08:08:59.239 GMT+0100,5841.76,5840.76
24.06.2016 08:08:59.629 GMT+0100,5841.61,5841
24.06.2016 08:08:59.680 GMT+0100,5845.4,5844.4
24.06.2016 08:08:59.938 GMT+0100,5845.01,5844.01
24.06.2016 08:09:00.239 GMT+0100,5844.81,5843.81
24.06.2016 08:09:00.579 GMT+0100,5845.54,5844.54
24.06.2016 08:09:00.989 GMT+0100,5845.01,5844.01
24.06.2016 08:09:01.498 GMT+0100,5845.41,5844.41
24.06.2016 08:09:01.800 GMT+0100,5845.94,5844.94
24.06.2016 08:09:02.102 GMT+0100,5845.34,5844.34
24.06.2016 08:09:02.420 GMT+0100,5844.81,5843.81
24.06.2016 08:09:02.814 GMT+0100,5844.67,5843.67
24.06.2016 08:09:03.116 GMT+0100,5845.17,5844.17
24.06.2016 08:09:03.520 GMT+0100,5843.22,5842.22
24.06.2016 08:09:04.090 GMT+0100,5843.63,5842.63
24.06.2016 08:09:04.399 GMT+0100,5842.81,5841.81
24.06.2016 08:09:04.733 GMT+0100,5842.51,5841.51
24.06.2016 08:09:05.059 GMT+0100,5842.34,5841.34
24.06.2016 08:09:05.501 GMT+0100,5841.39,5840.39
24.06.2016 08:09:05.988 GMT+0100,5841.34,5840.34
24.06.2016 08:09:06.339 GMT+0100,5840.95,5839.95
24.06.2016 08:09:06.675 GMT+0100,5840.51,5839.51
24.06.2016 08:09:07.149 GMT+0100,5839.51,5838.51
24.06.2016 08:09:07.546 GMT+0100,5839.155,5838.01
24.06.2016 08:09:07.848 GMT+0100,5838.51,5837.51
24.06.2016 08:09:08.365 GMT+0100,5839.34,5838.34
24.06.2016 08:09:08.703 GMT+0100,5839.59,5838.38
24.06.2016 08:09:09.089 GMT+0100,5840.26,5839.26
24.06.2016 08:09:09.423 GMT+0100,5840.71,5839.71
24.06.2016 08:09:09.759 GMT+0100,5840.51,5839.51
24.06.2016 08:09:10.094 GMT+0100,5841.06,5839.62
24.06.2016 08:09:10.457 GMT+0100,5841.76,5840.76
24.06.2016 08:09:10.765 GMT+0100,5842.16,5840.82
24.06.2016 08:09:11.100 GMT+0100,5843.11,5842.11
24.06.2016 08:09:11.420 GMT+0100,5843.01,5842.01
24.06.2016 08:09:11.820 GMT+0100,5842.43,5841.36
24.06.2016 08:09:12.122 GMT+0100,5843.67,5842.67
24.06.2016 08:09:12.549 GMT+0100,5843.17,5842.17
24.06.2016 08:09:12.989 GMT+0100,5843.2,5842.1
24.06.2016 08:09:13.539 GMT+0100,5843.245,5842.19
24.06.2016 08:09:14.081 GMT+0100,5843.26,5842.22
24.06.2016 08:09:14.533 GMT+0100,5843.2,5842.1
24.06.2016 08:09:14.969 GMT+0100,5843.235,5842.17
24.06.2016 08:09:15.538 GMT+0100,5843.28,5842.26
24.06.2016 08:09:15.890 GMT+0100,5843.57,5842.57
24.06.2016 08:09:16.292 GMT+0100,5843.44,5842.44
24.06.2016 08:09:16.794 GMT+0100,5842.81,5841.81
24.06.2016 08:09:17.385 GMT+0100,5843.26,5842.26
24.06.2016 08:09:17.699 GMT+0100,5843.34,5842.34
24.06.2016 08:09:18.000 GMT+0100,5843.51,5842.51
24.06.2016 08:09:18.397 GMT+0100,5843.28,5842.26
24.06.2016 08:09:18.708 GMT+0100,5844.01,5843.01
24.06.2016 08:09:19.054 GMT+0100,5844.51,5843.51
24.06.2016 08:09:19.516 GMT+0100,5846.13,5845.13
24.06.2016 08:09:20.029 GMT+0100,5845.65,5844.65
24.06.2016 08:09:20.355 GMT+0100,5846.83,5845.83
24.06.2016 08:09:20.858 GMT+0100,5845.82,5844.82
24.06.2016 08:09:21.348 GMT+0100,5846.36,5845.36
24.06.2016 08:09:21.680 GMT+0100,5846.26,5845.26
24.06.2016 08:09:22.175 GMT+0100,5846.51,5845.51
24.06.2016 08:09:22.650 GMT+0100,5847.76,5846.76
24.06.2016 08:09:23.108 GMT+0100,5847.64,5846.64
24.06.2016 08:09:23.438 GMT+0100,5847.51,5846.51
24.06.2016 08:09:23.768 GMT+0100,5847.42,5846.42
24.06.2016 08:09:24.089 GMT+0100,5847.62,5846.62
24.06.2016 08:09:24.422 GMT+0100,5849.15,5848.15
24.06.2016 08:09:24.978 GMT+0100,5849.05,5848.05
24.06.2016 08:09:25.322 GMT+0100,5848.94,5847.94
24.06.2016 08:09:25.630 GMT+0100,5847.92,5846.34
24.06.2016 08:09:26.079 GMT+0100,5847.86,5846.86
24.06.2016 08:09:26.391 GMT+0100,5847.61,5846.61
24.06.2016 08:09:26.848 GMT+0100,5846.78,5845.76
24.06.2016 08:09:27.178 GMT+0100,5845.28,5844.28
24.06.2016 08:09:27.548 GMT+0100,5845.31,5844.31
24.06.2016 08:09:27.948 GMT+0100,5845.43,5844.43
24.06.2016 08:09:28.294 GMT+0100,5845.63,5844.63
24.06.2016 08:09:28.646 GMT+0100,5845.09,5844.09
24.06.2016 08:09:29.007 GMT+0100,5845.2,5844.2
24.06.2016 08:09:29.349 GMT+0100,5844.83,5843.83
24.06.2016 08:09:29.685 GMT+0100,5845.28,5844.06
24.06.2016 08:09:30.013 GMT+0100,5846.17,5845.17
24.06.2016 08:09:30.369 GMT+0100,5845.96,5844.96
24.06.2016 08:09:30.788 GMT+0100,5846.41,5845.41
24.06.2016 08:09:31.138 GMT+0100,5846.31,5845.31
24.06.2016 08:09:31.509 GMT+0100,5845.925,5844.55
24.06.2016 08:09:32.018 GMT+0100,5845.29,5844.29
24.06.2016 08:09:32.349 GMT+0100,5846.01,5845.01
24.06.2016 08:09:32.942 GMT+0100,5845.68,5844.68
24.06.2016 08:09:33.338 GMT+0100,5845.36,5844.36
24.06.2016 08:09:33.828 GMT+0100,5845.33,5844.33
24.06.2016 08:09:34.140 GMT+0100,5845.34,5844.34
24.06.2016 08:09:34.473 GMT+0100,5845.26,5844.26
24.06.2016 08:09:34.878 GMT+0100,5844.71,5843.71
24.06.2016 08:09:35.208 GMT+0100,5844.59,5843.59
24.06.2016 08:09:35.538 GMT+0100,5844.76,5843.76
24.06.2016 08:09:35.868 GMT+0100,5845.01,5844.01
24.06.2016 08:09:36.308 GMT+0100,5845.14,5844.14
24.06.2016 08:09:36.657 GMT+0100,5844.97,5843.97
24.06.2016 08:09:36.984 GMT+0100,5844.62,5843.62
24.06.2016 08:09:37.286 GMT+0100,5844.84,5843.84
24.06.2016 08:09:37.591 GMT+0100,5843.94,5842.88
24.06.2016 08:09:38.093 GMT+0100,5843.26,5842.26
24.06.2016 08:09:38.395 GMT+0100,5843.01,5842.01
24.06.2016 08:09:38.729 GMT+0100,5841.81,5840.81
24.06.2016 08:09:39.090 GMT+0100,5841.76,5840.76
24.06.2016 08:09:39.501 GMT+0100,5842.01,5841.01
24.06.2016 08:09:39.938 GMT+0100,5841.69,5840.69
24.06.2016 08:09:40.268 GMT+0100,5841.76,5840.76
24.06.2016 08:09:40.598 GMT+0100,5841.67,5840.67
24.06.2016 08:09:40.907 GMT+0100,5841.69,5840.69
24.06.2016 08:09:41.286 GMT+0100,5841.51,5840.51
24.06.2016 08:09:41.588 GMT+0100,5841.36,5840.36
24.06.2016 08:09:41.918 GMT+0100,5840.01,5839.01
24.06.2016 08:09:42.292 GMT+0100,5839.51,5838.51
24.06.2016 08:09:42.615 GMT+0100,5838.315,5837.13
24.06.2016 08:09:43.017 GMT+0100,5834.21,5833.21
24.06.2016 08:09:43.459 GMT+0100,5833.67,5832.67
24.06.2016 08:09:44.300 GMT+0100,5833.58,5832.58
24.06.2016 08:09:44.724 GMT+0100,5833.76,5832.76
24.06.2016 08:09:45.108 GMT+0100,5833.21,5832.21
24.06.2016 08:09:45.679 GMT+0100,5832.81,5831.805
24.06.2016 08:09:46.098 GMT+0100,5831.44,5830.44
24.06.2016 08:09:46.407 GMT+0100,5831.28,5830.26
24.06.2016 08:09:46.822 GMT+0100,5831.44,5830.44
24.06.2016 08:09:47.309 GMT+0100,5830.66,5829.32
24.06.2016 08:09:47.638 GMT+0100,5830.68,5829.56
24.06.2016 08:09:47.972 GMT+0100,5830.34,5829.34
24.06.2016 08:09:48.330 GMT+0100,5832.71,5831.71
24.06.2016 08:09:48.740 GMT+0100,5831.455,5830.11
24.06.2016 08:09:49.043 GMT+0100,5830.31,5829.31
24.06.2016 08:09:49.344 GMT+0100,5830.01,5829.01
24.06.2016 08:09:49.729 GMT+0100,5828.985,5827.17
24.06.2016 08:09:50.149 GMT+0100,5828.51,5827.51
24.06.2016 08:09:50.498 GMT+0100,5831.01,5830.01
24.06.2016 08:09:50.834 GMT+0100,5831.17,5830.17
24.06.2016 08:09:51.198 GMT+0100,5830.76,5829.76
24.06.2016 08:09:51.650 GMT+0100,5830.61,5829.42
24.06.2016 08:09:52.056 GMT+0100,5831.01,5830.01
24.06.2016 08:09:52.357 GMT+0100,5831.88,5830.88
24.06.2016 08:09:52.710 GMT+0100,5832.26,5831.26
24.06.2016 08:09:53.028 GMT+0100,5832.53,5831.53
24.06.2016 08:09:53.688 GMT+0100,5832.48,5831.48
24.06.2016 08:09:54.143 GMT+0100,5832.455,5831.41
24.06.2016 08:09:54.473 GMT+0100,5834.63,5833.63
24.06.2016 08:09:55.268 GMT+0100,5834.26,5833.26
24.06.2016 08:09:55.668 GMT+0100,5835.76,5834.76
24.06.2016 08:09:56.022 GMT+0100,5836.26,5835.26
24.06.2016 08:09:56.329 GMT+0100,5836.51,5835.51
24.06.2016 08:09:56.878 GMT+0100,5836.17,5835.17
24.06.2016 08:09:57.276 GMT+0100,5836.51,5835.51
24.06.2016 08:09:57.679 GMT+0100,5837.21,5836.21
24.06.2016 08:09:57.987 GMT+0100,5836.28,5835.26
24.06.2016 08:09:58.491 GMT+0100,5837.035,5835.57
24.06.2016 08:09:58.884 GMT+0100,5838.01,5837.01
24.06.2016 08:09:59.286 GMT+0100,5835.36,5834.36
24.06.2016 08:09:59.848 GMT+0100,5834.84,5833.84
24.06.2016 08:10:00.288 GMT+0100,5834.31,5833.31
24.06.2016 08:10:00.618 GMT+0100,5836.47,5835.47
24.06.2016 08:10:00.949 GMT+0100,5836.86,5835.86
24.06.2016 08:10:01.390 GMT+0100,5840.18,5839.18
24.06.2016 08:10:01.751 GMT+0100,5838.92,5837.84
24.06.2016 08:10:02.101 GMT+0100,5839.76,5838.76
24.06.2016 08:10:02.553 GMT+0100,5840.01,5839.01
24.06.2016 08:10:03.040 GMT+0100,5837.84,5835.88
24.06.2016 08:10:03.480 GMT+0100,5836.81,5835.81
24.06.2016 08:10:03.805 GMT+0100,5836.88,5835.88
24.06.2016 08:10:04.206 GMT+0100,5836.44,5835.38
24.06.2016 08:10:04.609 GMT+0100,5836.82,5835.82
24.06.2016 08:10:04.952 GMT+0100,5839.04,5838.04
24.06.2016 08:10:05.333 GMT+0100,5838.84,5837.84
24.06.2016 08:10:05.878 GMT+0100,5838.76,5837.76
24.06.2016 08:10:06.322 GMT+0100,5838.84,5837.84
24.06.2016 08:10:06.820 GMT+0100,5838.76,5837.76
24.06.2016 08:10:07.659 GMT+0100,5838.61,5837.61
24.06.2016 08:10:08.007 GMT+0100,5838.47,5837.47
24.06.2016 08:10:08.430 GMT+0100,5838.51,5837.51
24.06.2016 08:10:08.760 GMT+0100,5838.54,5837.54
24.06.2016 08:10:09.188 GMT+0100,5838.84,5837.68
24.06.2016 08:10:09.645 GMT+0100,5839.52,5838.52
24.06.2016 08:10:09.947 GMT+0100,5839.55,5838.55
24.06.2016 08:10:10.316 GMT+0100,5836.71,5835.71
24.06.2016 08:10:10.649 GMT+0100,5836.51,5835.51
24.06.2016 08:10:10.969 GMT+0100,5836.26,5835.26
24.06.2016 08:10:11.326 GMT+0100,5835.08,5834.08
24.06.2016 08:10:11.839 GMT+0100,5835.51,5834.51
24.06.2016 08:10:12.310 GMT+0100,5835.1,5834.1
24.06.2016 08:10:12.611 GMT+0100,5835.81,5834.81
24.06.2016 08:10:12.982 GMT+0100,5836.18,5835.18
24.06.2016 08:10:13.364 GMT+0100,5835.7,5834.7
24.06.2016 08:10:13.829 GMT+0100,5834.34,5833.34
24.06.2016 08:10:14.168 GMT+0100,5834.18,5833.18
24.06.2016 08:10:14.480 GMT+0100,5834.15,5833.15
24.06.2016 08:10:14.809 GMT+0100,5834.68,5833.68
24.06.2016 08:10:15.250 GMT+0100,5833.68,5832.68
24.06.2016 08:10:15.574 GMT+0100,5834.38,5833.26
24.06.2016 08:10:15.909 GMT+0100,5834.71,5833.71
24.06.2016 08:10:16.278 GMT+0100,5834.68,5833.68
24.06.2016 08:10:16.579 GMT+0100,5835.685,5834.37
24.06.2016 08:10:16.880 GMT+0100,5836.76,5835.76
24.06.2016 08:10:17.283 GMT+0100,5834.05,5833.05
24.06.2016 08:10:17.761 GMT+0100,5835.18,5834.18
24.06.2016 08:10:18.078 GMT+0100,5835.01,5834.01
24.06.2016 08:10:18.439 GMT+0100,5835.29,5834.29
24.06.2016 08:10:18.769 GMT+0100,5836.01,5835.01
24.06.2016 08:10:19.143 GMT+0100,5836.13,5835.13
24.06.2016 08:10:19.493 GMT+0100,5836.05,5835.05
24.06.2016 08:10:19.980 GMT+0100,5837.71,5836.71
24.06.2016 08:10:20.296 GMT+0100,5838.01,5837.01
24.06.2016 08:10:20.598 GMT+0100,5837.84,5836.84
24.06.2016 08:10:20.908 GMT+0100,5836.41,5835.41
24.06.2016 08:10:21.300 GMT+0100,5837.18,5836.18
24.06.2016 08:10:21.602 GMT+0100,5836.68,5835.68
24.06.2016 08:10:21.959 GMT+0100,5836.43,5835.43
24.06.2016 08:10:22.306 GMT+0100,5836.47,5835.47
24.06.2016 08:10:22.607 GMT+0100,5836.45,5835.45
24.06.2016 08:10:22.949 GMT+0100,5837.23,5836.23
24.06.2016 08:10:23.410 GMT+0100,5836.84,5835.84
24.06.2016 08:10:23.712 GMT+0100,5837.11,5836.11
24.06.2016 08:10:24.049 GMT+0100,5839.38,5838.38
24.06.2016 08:10:24.717 GMT+0100,5839.475,5838.45
24.06.2016 08:10:25.039 GMT+0100,5840.64,5839.64
24.06.2016 08:10:25.369 GMT+0100,5840.63,5839.63
24.06.2016 08:10:25.810 GMT+0100,5840.65,5839.65
24.06.2016 08:10:26.167 GMT+0100,5839.8,5838.8
24.06.2016 08:10:26.910 GMT+0100,5839.63,5838.63
24.06.2016 08:10:27.238 GMT+0100,5839.06,5838.06
24.06.2016 08:10:27.781 GMT+0100,5839.76,5838.76
24.06.2016 08:10:28.132 GMT+0100,5839.42,5838.42
24.06.2016 08:10:28.582 GMT+0100,5837.005,5835.51
24.06.2016 08:10:29.000 GMT+0100,5837.84,5836.84
24.06.2016 08:10:29.515 GMT+0100,5838.07,5837.07
24.06.2016 08:10:29.911 GMT+0100,5838.28,5837.28
24.06.2016 08:10:30.870 GMT+0100,5838.26,5837.26
24.06.2016 08:10:31.199 GMT+0100,5839.68,5838.68
24.06.2016 08:10:31.550 GMT+0100,5838.58,5837.58
24.06.2016 08:10:31.969 GMT+0100,5836.24,5835.24
24.06.2016 08:10:32.519 GMT+0100,5837.05,5836.05
24.06.2016 08:10:32.897 GMT+0100,5837.13,5836.13
24.06.2016 08:10:33.309 GMT+0100,5838.11,5837.11
24.06.2016 08:10:33.619 GMT+0100,5837.76,5836.76
24.06.2016 08:10:34.017 GMT+0100,5837.92,5836.84
24.06.2016 08:10:34.389 GMT+0100,5838.44,5837.44
24.06.2016 08:10:34.769 GMT+0100,5838.28,5837.26
24.06.2016 08:10:35.269 GMT+0100,5836.38,5835.38
24.06.2016 08:10:35.673 GMT+0100,5837.51,5836.51
24.06.2016 08:10:36.031 GMT+0100,5837.26,5836.26
24.06.2016 08:10:36.378 GMT+0100,5836.08,5835.08
24.06.2016 08:10:36.699 GMT+0100,5837.08,5836.08
24.06.2016 08:10:37.038 GMT+0100,5837.155,5836.01
24.06.2016 08:10:37.469 GMT+0100,5837.38,5836.38
24.06.2016 08:10:38.148 GMT+0100,5838.51,5837.51
24.06.2016 08:10:38.591 GMT+0100,5838.01,5837.01
24.06.2016 08:10:38.949 GMT+0100,5837.755,5836.51
24.06.2016 08:10:39.427 GMT+0100,5838.68,5837.68
24.06.2016 08:10:39.780 GMT+0100,5839.26,5838.26
24.06.2016 08:10:40.099 GMT+0100,5839.61,5838.61
24.06.2016 08:10:40.456 GMT+0100,5839.76,5838.76
24.06.2016 08:10:40.770 GMT+0100,5839.85,5838.85
24.06.2016 08:10:41.255 GMT+0100,5839.05,5838.05
24.06.2016 08:10:41.608 GMT+0100,5838.47,5837.44
24.06.2016 08:10:41.969 GMT+0100,5841.18,5840.18
24.06.2016 08:10:42.449 GMT+0100,5840.065,5838.63
24.06.2016 08:10:42.778 GMT+0100,5839.26,5838.26
24.06.2016 08:10:43.119 GMT+0100,5839.72,5838.44
24.06.2016 08:10:43.421 GMT+0100,5840.84,5839.84
24.06.2016 08:10:43.824 GMT+0100,5840.51,5839.51
24.06.2016 08:10:44.226 GMT+0100,5840.01,5839.01
24.06.2016 08:10:44.527 GMT+0100,5839.51,5838.155
24.06.2016 08:10:45.002 GMT+0100,5837.01,5836.01
24.06.2016 08:10:45.419 GMT+0100,5837.26,5836.26
24.06.2016 08:10:45.859 GMT+0100,5838.26,5837.26
24.06.2016 08:10:46.190 GMT+0100,5837.63,5836.63
24.06.2016 08:10:46.548 GMT+0100,5837.51,5836.51
24.06.2016 08:10:46.975 GMT+0100,5836.76,5835.76
24.06.2016 08:10:47.290 GMT+0100,5835.61,5834.61
24.06.2016 08:10:47.649 GMT+0100,5837.405,5836.01
24.06.2016 08:10:47.951 GMT+0100,5838.34,5837.34
24.06.2016 08:10:48.354 GMT+0100,5838.87,5837.87
24.06.2016 08:10:48.657 GMT+0100,5838.805,5837.31
24.06.2016 08:10:49.014 GMT+0100,5840.18,5839.18
24.06.2016 08:10:49.359 GMT+0100,5840.1,5839.1
24.06.2016 08:10:49.709 GMT+0100,5840.01,5839.01
24.06.2016 08:10:50.020 GMT+0100,5839.54,5838.17
24.06.2016 08:10:50.478 GMT+0100,5838.68,5837.68
24.06.2016 08:10:50.802 GMT+0100,5837.28,5836.26
24.06.2016 08:10:51.139 GMT+0100,5837.61,5836.61
24.06.2016 08:10:51.492 GMT+0100,5837.68,5836.68
24.06.2016 08:10:51.799 GMT+0100,5837.76,5836.76
24.06.2016 08:10:52.240 GMT+0100,5836.34,5835.34
24.06.2016 08:10:52.614 GMT+0100,5836.84,5835.84
24.06.2016 08:10:52.993 GMT+0100,5836.61,5835.61
24.06.2016 08:10:53.295 GMT+0100,5838.01,5837.01
24.06.2016 08:10:53.668 GMT+0100,5837.01,5836.01
24.06.2016 08:10:53.999 GMT+0100,5837.68,5836.68
24.06.2016 08:10:54.401 GMT+0100,5838.01,5837.01
24.06.2016 08:10:54.803 GMT+0100,5838.51,5837.51
24.06.2016 08:10:55.210 GMT+0100,5837.84,5836.84
24.06.2016 08:10:55.588 GMT+0100,5837.38,5836.38
24.06.2016 08:10:55.910 GMT+0100,5838.01,5837.01
24.06.2016 08:10:56.310 GMT+0100,5840.21,5839.21
24.06.2016 08:10:56.806 GMT+0100,5840.13,5839.13
24.06.2016 08:10:57.201 GMT+0100,5840.51,5839.51
24.06.2016 08:10:57.517 GMT+0100,5841.79,5840.79
24.06.2016 08:10:57.848 GMT+0100,5841.01,5840.01
24.06.2016 08:10:58.710 GMT+0100,5840.68,5839.68
24.06.2016 08:10:59.389 GMT+0100,5840.79,5839.79
24.06.2016 08:11:00.490 GMT+0100,5840.73,5839.73
24.06.2016 08:11:00.821 GMT+0100,5840.435,5839.37
24.06.2016 08:11:01.258 GMT+0100,5840.11,5839.11
24.06.2016 08:11:01.699 GMT+0100,5841.22,5840.22
24.06.2016 08:11:02.140 GMT+0100,5841.31,5840.31
24.06.2016 08:11:02.453 GMT+0100,5841.35,5840.35
24.06.2016 08:11:02.838 GMT+0100,5841.51,5840.51
24.06.2016 08:11:03.157 GMT+0100,5841.96,5840.96
24.06.2016 08:11:03.459 GMT+0100,5841.45,5840.45
24.06.2016 08:11:04.119 GMT+0100,5841.34,5840.34
24.06.2016 08:11:04.427 GMT+0100,5841.26,5840.26
24.06.2016 08:11:04.851 GMT+0100,5841.88,5840.88
24.06.2016 08:11:05.269 GMT+0100,5841.17,5840.17
24.06.2016 08:11:05.829 GMT+0100,5841.48,5840.48
24.06.2016 08:11:06.794 GMT+0100,5841.93,5840.93
24.06.2016 08:11:07.165 GMT+0100,5841.48,5840.48
24.06.2016 08:11:07.529 GMT+0100,5841.41,5840.41
24.06.2016 08:11:07.858 GMT+0100,5841.38,5840.38
24.06.2016 08:11:08.222 GMT+0100,5841.4,5840.4
24.06.2016 08:11:08.586 GMT+0100,5840.28,5838.76
24.06.2016 08:11:08.958 GMT+0100,5838.71,5837.71
24.06.2016 08:11:09.289 GMT+0100,5838.84,5837.84
24.06.2016 08:11:09.682 GMT+0100,5839.855,5837.71
24.06.2016 08:11:10.096 GMT+0100,5841.17,5840.17
24.06.2016 08:11:10.598 GMT+0100,5840.96,5839.96
24.06.2016 08:11:11.159 GMT+0100,5840.17,5839.17
24.06.2016 08:11:11.636 GMT+0100,5839.67,5838.67
24.06.2016 08:11:11.955 GMT+0100,5840.17,5839.17
24.06.2016 08:11:12.258 GMT+0100,5839.715,5838.63
24.06.2016 08:11:12.698 GMT+0100,5842.41,5840.955
24.06.2016 08:11:13.139 GMT+0100,5842.71,5841.71
24.06.2016 08:11:13.469 GMT+0100,5842.63,5841.63
24.06.2016 08:11:13.798 GMT+0100,5842.17,5841.17
24.06.2016 08:11:14.120 GMT+0100,5840.735,5839.67
24.06.2016 08:11:14.427 GMT+0100,5841.13,5840.13
24.06.2016 08:11:14.818 GMT+0100,5840.17,5839.17
24.06.2016 08:11:15.229 GMT+0100,5839.51,5838.51
24.06.2016 08:11:15.611 GMT+0100,5839.29,5838.29
24.06.2016 08:11:15.934 GMT+0100,5839.26,5838.26
24.06.2016 08:11:16.618 GMT+0100,5841.21,5840.21
24.06.2016 08:11:16.941 GMT+0100,5841.13,5840.13
24.06.2016 08:11:17.578 GMT+0100,5842.76,5841.76
24.06.2016 08:11:17.890 GMT+0100,5842.715,5841.63
24.06.2016 08:11:18.228 GMT+0100,5843.84,5842.84
24.06.2016 08:11:18.641 GMT+0100,5843.63,5842.26
24.06.2016 08:11:18.998 GMT+0100,5844.51,5843.51
24.06.2016 08:11:19.353 GMT+0100,5847.01,5846.01
24.06.2016 08:11:19.858 GMT+0100,5847.005,5845.51
24.06.2016 08:11:20.208 GMT+0100,5846.01,5845.01
24.06.2016 08:11:20.648 GMT+0100,5846.17,5845.17
24.06.2016 08:11:21.106 GMT+0100,5847.26,5846.26
24.06.2016 08:11:21.471 GMT+0100,5847.73,5846.73
24.06.2016 08:11:21.858 GMT+0100,5846.76,5845.76
24.06.2016 08:11:22.177 GMT+0100,5846.71,5845.71
24.06.2016 08:11:22.518 GMT+0100,5847.05,5846.05
24.06.2016 08:11:22.888 GMT+0100,5846.86,5845.86
24.06.2016 08:11:23.280 GMT+0100,5846.36,5845.36
24.06.2016 08:11:23.674 GMT+0100,5846.22,5844.94
24.06.2016 08:11:24.085 GMT+0100,5846.88,5845.88
24.06.2016 08:11:24.429 GMT+0100,5847.61,5846.61
24.06.2016 08:11:24.789 GMT+0100,5847.44,5846.44
24.06.2016 08:11:25.214 GMT+0100,5847.01,5846.01
24.06.2016 08:11:25.595 GMT+0100,5847.26,5846.26
24.06.2016 08:11:25.928 GMT+0100,5846.67,5845.67
24.06.2016 08:11:26.368 GMT+0100,5846.76,5845.76
24.06.2016 08:11:26.700 GMT+0100,5846.59,5845.59
24.06.2016 08:11:27.001 GMT+0100,5846.43,5845.43
24.06.2016 08:11:27.490 GMT+0100,5845.58,5844.58
24.06.2016 08:11:27.798 GMT+0100,5845.56,5844.56
24.06.2016 08:11:28.204 GMT+0100,5845.46,5844.46
24.06.2016 08:11:28.662 GMT+0100,5845.49,5844.49
24.06.2016 08:11:29.010 GMT+0100,5845.45,5844.45
24.06.2016 08:11:29.364 GMT+0100,5845.46,5844.46
24.06.2016 08:11:29.713 GMT+0100,5845.76,5844.52
24.06.2016 08:11:30.108 GMT+0100,5846.51,5845.51
24.06.2016 08:11:30.658 GMT+0100,5846.91,5845.91
24.06.2016 08:11:30.988 GMT+0100,5847.21,5846.21
24.06.2016 08:11:31.538 GMT+0100,5847.26,5846.26
24.06.2016 08:11:31.978 GMT+0100,5847.61,5846.61
24.06.2016 08:11:32.730 GMT+0100,5847.34,5846.34
24.06.2016 08:11:33.033 GMT+0100,5846.01,5845.01
24.06.2016 08:11:33.434 GMT+0100,5843.46,5842.46
24.06.2016 08:11:33.736 GMT+0100,5843.47,5842.47
24.06.2016 08:11:34.038 GMT+0100,5843.09,5842.09
24.06.2016 08:11:34.339 GMT+0100,5841.42,5840.34
24.06.2016 08:11:34.752 GMT+0100,5842.01,5841.01
24.06.2016 08:11:35.143 GMT+0100,5841.29,5840.29
24.06.2016 08:11:35.608 GMT+0100,5845.31,5844.31
24.06.2016 08:11:35.948 GMT+0100,5845.17,5844.17
24.06.2016 08:11:36.298 GMT+0100,5844.38,5843.38
24.06.2016 08:11:36.719 GMT+0100,5844.09,5843.09
24.06.2016 08:11:37.050 GMT+0100,5844.34,5843.34
24.06.2016 08:11:37.488 GMT+0100,5842.975,5841.95
24.06.2016 08:11:37.817 GMT+0100,5842.92,5841.84
24.06.2016 08:11:38.148 GMT+0100,5842.51,5841.51
24.06.2016 08:11:38.461 GMT+0100,5842.17,5841.085
24.06.2016 08:11:38.880 GMT+0100,5841.325,5839.65
24.06.2016 08:11:39.358 GMT+0100,5841.335,5839.67
24.06.2016 08:11:39.688 GMT+0100,5840.51,5839.51
24.06.2016 08:11:40.070 GMT+0100,5841.045,5839.79
24.06.2016 08:11:40.552 GMT+0100,5842.26,5841.26
24.06.2016 08:11:40.895 GMT+0100,5841.79,5840.79
24.06.2016 08:11:41.227 GMT+0100,5841.13,5840.13
24.06.2016 08:11:41.704 GMT+0100,5840.205,5839.11
24.06.2016 08:11:42.218 GMT+0100,5840.08,5839.08
24.06.2016 08:11:42.548 GMT+0100,5838.31,5837.31
24.06.2016 08:11:42.877 GMT+0100,5839.26,5838.26
24.06.2016 08:11:43.191 GMT+0100,5840.17,5839.17
24.06.2016 08:11:43.648 GMT+0100,5841.51,5840.51
24.06.2016 08:11:44.016 GMT+0100,5841.29,5840.29
24.06.2016 08:11:44.395 GMT+0100,5841.45,5840.45
24.06.2016 08:11:44.797 GMT+0100,5842.76,5841.76
24.06.2016 08:11:45.100 GMT+0100,5843.17,5842.17
24.06.2016 08:11:45.402 GMT+0100,5843.21,5842.21
24.06.2016 08:11:45.738 GMT+0100,5844.06,5843.06
24.06.2016 08:11:46.207 GMT+0100,5844.21,5843.21
24.06.2016 08:11:46.509 GMT+0100,5844.215,5843.13
24.06.2016 08:11:46.840 GMT+0100,5844.84,5843.84
24.06.2016 08:11:47.178 GMT+0100,5844.36,5843.36
24.06.2016 08:11:47.530 GMT+0100,5844.91,5843.91
24.06.2016 08:11:47.938 GMT+0100,5844.01,5842.52
24.06.2016 08:11:48.378 GMT+0100,5843.15,5842.15
24.06.2016 08:11:48.708 GMT+0100,5843.27,5842.27
24.06.2016 08:11:49.040 GMT+0100,5844.76,5843.76
24.06.2016 08:11:49.388 GMT+0100,5844.51,5843.51
24.06.2016 08:11:49.740 GMT+0100,5845.13,5844.13
24.06.2016 08:11:50.042 GMT+0100,5846.34,5845.34
24.06.2016 08:11:50.357 GMT+0100,5847.82,5846.82
24.06.2016 08:11:50.801 GMT+0100,5848.41,5847.41
24.06.2016 08:11:51.128 GMT+0100,5848.76,5847.76
24.06.2016 08:11:51.459 GMT+0100,5849.01,5848.01
24.06.2016 08:11:51.807 GMT+0100,5850.51,5849.505
24.06.2016 08:11:52.229 GMT+0100,5850.65,5849.65
24.06.2016 08:11:52.560 GMT+0100,5850.73,5849.73
24.06.2016 08:11:52.985 GMT+0100,5849.26,5848.26
24.06.2016 08:11:53.328 GMT+0100,5849.41,5848.41
24.06.2016 08:11:53.769 GMT+0100,5849.51,5848.51
24.06.2016 08:11:54.145 GMT+0100,5848.79,5847.79
24.06.2016 08:11:54.486 GMT+0100,5848.61,5847.61
24.06.2016 08:11:54.868 GMT+0100,5848.2,5847.1
24.06.2016 08:11:55.272 GMT+0100,5848.17,5847.17
24.06.2016 08:11:55.637 GMT+0100,5850.38,5849.38
24.06.2016 08:11:55.989 GMT+0100,5849.905,5848.51
24.06.2016 08:11:56.397 GMT+0100,5849.76,5848.76
24.06.2016 08:11:56.737 GMT+0100,5849.31,5848.31
24.06.2016 08:11:57.179 GMT+0100,5849.26,5848.26
24.06.2016 08:11:57.507 GMT+0100,5849.07,5848.07
24.06.2016 08:11:57.958 GMT+0100,5849.17,5848.17
24.06.2016 08:11:58.489 GMT+0100,5849.01,5848.01
24.06.2016 08:11:59.015 GMT+0100,5853.01,5852.01
24.06.2016 08:11:59.395 GMT+0100,5852.15,5851.15
24.06.2016 08:11:59.818 GMT+0100,5853.51,5852.51
24.06.2016 08:12:00.200 GMT+0100,5853.76,5852.76
24.06.2016 08:12:00.602 GMT+0100,5852.76,5851.76
24.06.2016 08:12:00.911 GMT+0100,5852.48,5851.48
24.06.2016 08:12:01.359 GMT+0100,5853.37,5852.37
24.06.2016 08:12:01.709 GMT+0100,5853.26,5852.26
24.06.2016 08:12:02.036 GMT+0100,5853.41,5852.5
24.06.2016 08:12:02.128 GMT+0100,5856.76,5855.76
24.06.2016 08:12:02.349 GMT+0100,5857.01,5856.01
24.06.2016 08:12:02.897 GMT+0100,5857.21,5856.21
24.06.2016 08:12:03.338 GMT+0100,5856.31,5855.31
24.06.2016 08:12:03.887 GMT+0100,5855.91,5854.91
24.06.2016 08:12:04.218 GMT+0100,5856.17,5855.17
24.06.2016 08:12:04.555 GMT+0100,5855.6,5854.6
24.06.2016 08:12:04.931 GMT+0100,5854.755,5853.51
24.06.2016 08:12:05.429 GMT+0100,5854.63,5853.63
24.06.2016 08:12:05.743 GMT+0100,5854.51,5853.51
24.06.2016 08:12:06.072 GMT+0100,5854.06,5853.06
24.06.2016 08:12:06.441 GMT+0100,5854.17,5853.17
24.06.2016 08:12:06.857 GMT+0100,5853.31,5852.31
24.06.2016 08:12:07.407 GMT+0100,5853.19,5852.19
24.06.2016 08:12:08.045 GMT+0100,5853.21,5852.21
24.06.2016 08:12:08.397 GMT+0100,5852.2,5851.1
24.06.2016 08:12:08.948 GMT+0100,5852.06,5851.06
24.06.2016 08:12:09.282 GMT+0100,5851.31,5850.31
24.06.2016 08:12:09.608 GMT+0100,5851.51,5850.51
24.06.2016 08:12:09.938 GMT+0100,5852.91,5851.91
24.06.2016 08:12:10.288 GMT+0100,5853.26,5852.26
24.06.2016 08:12:10.708 GMT+0100,5852.43,5850.86
24.06.2016 08:12:11.294 GMT+0100,5851.44,5850.44
24.06.2016 08:12:11.671 GMT+0100,5851.61,5850.61
24.06.2016 08:12:12.174 GMT+0100,5851.76,5850.76
24.06.2016 08:12:12.478 GMT+0100,5851.38,5850.38
24.06.2016 08:12:12.828 GMT+0100,5851.305,5850.11
24.06.2016 08:12:13.247 GMT+0100,5852.31,5851.31
24.06.2016 08:12:13.582 GMT+0100,5851.84,5850.84
24.06.2016 08:12:14.017 GMT+0100,5851.86,5850.86
24.06.2016 08:12:14.430 GMT+0100,5852.01,5851.01
24.06.2016 08:12:14.771 GMT+0100,5851.79,5850.79
24.06.2016 08:12:15.117 GMT+0100,5851.61,5850.61
24.06.2016 08:12:15.535 GMT+0100,5852.5,5850.7
24.06.2016 08:12:15.843 GMT+0100,5853.84,5852.84
24.06.2016 08:12:16.195 GMT+0100,5853.38,5852.26
24.06.2016 08:12:16.499 GMT+0100,5855.44,5853.38
24.06.2016 08:12:16.801 GMT+0100,5855.88,5854.26
24.06.2016 08:12:17.318 GMT+0100,5855.34,5854.34
24.06.2016 08:12:17.889 GMT+0100,5855.51,5854.51
24.06.2016 08:12:18.197 GMT+0100,5855.17,5854.17
24.06.2016 08:12:18.637 GMT+0100,5857.16,5856.16
24.06.2016 08:12:19.098 GMT+0100,5857.1,5856.1
24.06.2016 08:12:19.407 GMT+0100,5856.44,5855.44
24.06.2016 08:12:19.737 GMT+0100,5856.41,5855.41
24.06.2016 08:12:20.120 GMT+0100,5856.37,5855.37
24.06.2016 08:12:20.620 GMT+0100,5855.15,5854.15
24.06.2016 08:12:20.922 GMT+0100,5855.01,5854.01
24.06.2016 08:12:21.224 GMT+0100,5855.11,5854.11
24.06.2016 08:12:21.608 GMT+0100,5855.67,5854.67
24.06.2016 08:12:21.918 GMT+0100,5856.225,5855.15
24.06.2016 08:12:22.282 GMT+0100,5856.67,5855.67
24.06.2016 08:12:22.708 GMT+0100,5855.73,5854.73
24.06.2016 08:12:23.237 GMT+0100,5855.94,5854.94
24.06.2016 08:12:23.739 GMT+0100,5856.76,5855.76
24.06.2016 08:12:24.096 GMT+0100,5856.01,5855.01
24.06.2016 08:12:24.408 GMT+0100,5856.67,5855.67
24.06.2016 08:12:24.845 GMT+0100,5856.21,5855.21
24.06.2016 08:12:25.348 GMT+0100,5855.38,5854.38
24.06.2016 08:12:25.870 GMT+0100,5857.26,5856.26
24.06.2016 08:12:26.268 GMT+0100,5856.455,5855.41
24.06.2016 08:12:26.654 GMT+0100,5857.15,5856.15
24.06.2016 08:12:27.046 GMT+0100,5857.1,5856.1
24.06.2016 08:12:27.459 GMT+0100,5857.21,5856.21
24.06.2016 08:12:27.760 GMT+0100,5857.74,5856.74
24.06.2016 08:12:28.096 GMT+0100,5856.19,5855.19
24.06.2016 08:12:28.434 GMT+0100,5856.55,5855.3
24.06.2016 08:12:28.865 GMT+0100,5857.63,5856.63
24.06.2016 08:12:29.197 GMT+0100,5856.84,5855.84
24.06.2016 08:12:29.520 GMT+0100,5859.11,5858.11
24.06.2016 08:12:29.917 GMT+0100,5859.01,5858.01
24.06.2016 08:12:30.297 GMT+0100,5858.65,5857.65
24.06.2016 08:12:30.745 GMT+0100,5858.44,5857.44
24.06.2016 08:12:31.066 GMT+0100,5860.65,5859.65
24.06.2016 08:12:31.398 GMT+0100,5860.84,5859.84
24.06.2016 08:12:31.743 GMT+0100,5859.01,5858.01
24.06.2016 08:12:32.104 GMT+0100,5860.51,5859.51
24.06.2016 08:12:32.406 GMT+0100,5859.67,5858.67
24.06.2016 08:12:32.808 GMT+0100,5858.59,5857.59
24.06.2016 08:12:33.159 GMT+0100,5859.31,5858.31
24.06.2016 08:12:33.683 GMT+0100,5858.57,5857.57
24.06.2016 08:12:34.037 GMT+0100,5857.71,5856.71
24.06.2016 08:12:34.367 GMT+0100,5857.84,5856.84
24.06.2016 08:12:34.730 GMT+0100,5858.01,5857.01
24.06.2016 08:12:35.122 GMT+0100,5858.51,5857.51
24.06.2016 08:12:35.424 GMT+0100,5857.755,5856.51
24.06.2016 08:12:35.767 GMT+0100,5858.51,5857.51
24.06.2016 08:12:36.127 GMT+0100,5858.91,5857.91
24.06.2016 08:12:36.677 GMT+0100,5858.65,5857.65
24.06.2016 08:12:37.125 GMT+0100,5859.34,5858.34
24.06.2016 08:12:37.434 GMT+0100,5859.36,5858.36
24.06.2016 08:12:37.735 GMT+0100,5858.67,5857.67
24.06.2016 08:12:38.047 GMT+0100,5858.43,5857.36
24.06.2016 08:12:38.375 GMT+0100,5859.255,5858.01
24.06.2016 08:12:38.768 GMT+0100,5859.71,5858.71
24.06.2016 08:12:39.147 GMT+0100,5860.735,5859.67
24.06.2016 08:12:39.536 GMT+0100,5858.505,5857.21
24.06.2016 08:12:39.978 GMT+0100,5858.28,5857.26
24.06.2016 08:12:40.351 GMT+0100,5858.38,5857.38
24.06.2016 08:12:40.746 GMT+0100,5858.88,5857.88
24.06.2016 08:12:41.077 GMT+0100,5858.92,5857.92
24.06.2016 08:12:41.516 GMT+0100,5859.28,5858.28
24.06.2016 08:12:41.860 GMT+0100,5859.31,5858.31
24.06.2016 08:12:42.170 GMT+0100,5859.01,5858.01
24.06.2016 08:12:42.514 GMT+0100,5859.1,5858.1
24.06.2016 08:12:42.865 GMT+0100,5859.01,5858.01
24.06.2016 08:12:43.267 GMT+0100,5859.58,5858.58
24.06.2016 08:12:43.570 GMT+0100,5862.805,5861.11
24.06.2016 08:12:43.909 GMT+0100,5866.46,5864.92
24.06.2016 08:12:44.377 GMT+0100,5867.13,5866.13
24.06.2016 08:12:44.774 GMT+0100,5867.01,5866.01
24.06.2016 08:12:45.146 GMT+0100,5867.13,5866.13
24.06.2016 08:12:45.465 GMT+0100,5866.81,5865.81
24.06.2016 08:12:45.916 GMT+0100,5864.39,5863.28
24.06.2016 08:12:46.357 GMT+0100,5863.88,5862.26
24.06.2016 08:12:46.704 GMT+0100,5862.34,5861.34
24.06.2016 08:12:47.029 GMT+0100,5862.51,5861.51
24.06.2016 08:12:47.348 GMT+0100,5862.76,5861.76
24.06.2016 08:12:47.832 GMT+0100,5862.15,5861.15
24.06.2016 08:12:48.396 GMT+0100,5862.26,5861.26
24.06.2016 08:12:48.700 GMT+0100,5861.63,5860.26
24.06.2016 08:12:49.099 GMT+0100,5862.44,5861.44
24.06.2016 08:12:49.430 GMT+0100,5862.67,5861.67
24.06.2016 08:12:49.745 GMT+0100,5862.94,5861.94
24.06.2016 08:12:50.093 GMT+0100,5862.91,5861.91
24.06.2016 08:12:50.709 GMT+0100,5860.84,5859.84
24.06.2016 08:12:51.037 GMT+0100,5861.1,5860.1
24.06.2016 08:12:51.417 GMT+0100,5862.38,5861.38
24.06.2016 08:12:51.749 GMT+0100,5862.76,5861.76
24.06.2016 08:12:52.118 GMT+0100,5864.67,5863.67
24.06.2016 08:12:52.419 GMT+0100,5865.51,5864.51
24.06.2016 08:12:52.736 GMT+0100,5864.51,5863.51
24.06.2016 08:12:53.177 GMT+0100,5865.01,5864.01
24.06.2016 08:12:53.524 GMT+0100,5864.76,5863.76
24.06.2016 08:12:53.925 GMT+0100,5864.51,5863.51
24.06.2016 08:12:54.292 GMT+0100,5864.26,5863.26
24.06.2016 08:12:54.716 GMT+0100,5863.31,5862.31
24.06.2016 08:12:55.047 GMT+0100,5862.955,5861.91
24.06.2016 08:12:55.487 GMT+0100,5862.755,5861.71
24.06.2016 08:12:55.896 GMT+0100,5863.26,5862.26
24.06.2016 08:12:56.366 GMT+0100,5865.94,5864.94
24.06.2016 08:12:56.760 GMT+0100,5865.63,5864.63
24.06.2016 08:12:57.137 GMT+0100,5865.88,5864.88
24.06.2016 08:12:57.466 GMT+0100,5865.76,5864.76
24.06.2016 08:12:58.067 GMT+0100,5865.81,5864.81
24.06.2016 08:12:58.417 GMT+0100,5865.76,5864.76
24.06.2016 08:12:58.865 GMT+0100,5866.31,5865.31
24.06.2016 08:12:59.167 GMT+0100,5866.38,5865.38
24.06.2016 08:12:59.480 GMT+0100,5866.51,5865.51
24.06.2016 08:12:59.820 GMT+0100,5866.31,5865.31
24.06.2016 08:13:00.135 GMT+0100,5866.17,5865.17
24.06.2016 08:13:00.484 GMT+0100,5864.19,5863.19
24.06.2016 08:13:00.898 GMT+0100,5863.17,5862.17
24.06.2016 08:13:01.207 GMT+0100,5861.84,5860.84
24.06.2016 08:13:01.537 GMT+0100,5861.81,5860.81
24.06.2016 08:13:01.866 GMT+0100,5861.76,5860.76
24.06.2016 08:13:02.185 GMT+0100,5861.38,5860.38
24.06.2016 08:13:02.608 GMT+0100,5861.12,5860.12
24.06.2016 08:13:02.967 GMT+0100,5861.55,5860.55
24.06.2016 08:13:03.406 GMT+0100,5863.34,5862.32
24.06.2016 08:13:03.863 GMT+0100,5868.26,5867.26
24.06.2016 08:13:04.286 GMT+0100,5867.88,5866.76
24.06.2016 08:13:04.617 GMT+0100,5868.76,5867.76
24.06.2016 08:13:05.167 GMT+0100,5868.36,5867.36
24.06.2016 08:13:05.513 GMT+0100,5868.67,5867.67
24.06.2016 08:13:05.936 GMT+0100,5869.01,5868.01
24.06.2016 08:13:06.376 GMT+0100,5869.11,5868.11
24.06.2016 08:13:06.743 GMT+0100,5869.76,5868.76
24.06.2016 08:13:07.086 GMT+0100,5869.17,5868.17
24.06.2016 08:13:07.435 GMT+0100,5868.84,5867.84
24.06.2016 08:13:08.025 GMT+0100,5868.76,5867.76
24.06.2016 08:13:08.357 GMT+0100,5865.67,5864.67
24.06.2016 08:13:08.686 GMT+0100,5865.26,5864.26
24.06.2016 08:13:09.100 GMT+0100,5865.31,5864.31
24.06.2016 08:13:09.431 GMT+0100,5865.57,5864.57
24.06.2016 08:13:09.786 GMT+0100,5865.01,5864.01
24.06.2016 08:13:10.338 GMT+0100,5865.51,5864.51
24.06.2016 08:13:10.655 GMT+0100,5865.09,5863.88
24.06.2016 08:13:11.057 GMT+0100,5865.76,5864.76
24.06.2016 08:13:11.460 GMT+0100,5867.26,5866.26
24.06.2016 08:13:11.876 GMT+0100,5868.17,5867.17
24.06.2016 08:13:12.206 GMT+0100,5868.26,5867.26
24.06.2016 08:13:12.536 GMT+0100,5868.31,5867.31
24.06.2016 08:13:12.868 GMT+0100,5867.895,5866.79
24.06.2016 08:13:13.306 GMT+0100,5868.46,5867.46
24.06.2016 08:13:13.628 GMT+0100,5868.4,5867.4
24.06.2016 08:13:13.973 GMT+0100,5867.91,5866.91
24.06.2016 08:13:14.275 GMT+0100,5869.34,5868.34
24.06.2016 08:13:14.577 GMT+0100,5869.01,5868.01
24.06.2016 08:13:15.136 GMT+0100,5869.67,5868.67
24.06.2016 08:13:15.639 GMT+0100,5869.81,5868.81
24.06.2016 08:13:15.946 GMT+0100,5869.88,5868.88
24.06.2016 08:13:16.324 GMT+0100,5870.01,5869.01
24.06.2016 08:13:16.696 GMT+0100,5869.81,5868.81
24.06.2016 08:13:17.045 GMT+0100,5869.91,5868.91
24.06.2016 08:13:17.399 GMT+0100,5870.01,5869.01
24.06.2016 08:13:17.816 GMT+0100,5870.05,5869.05
24.06.2016 08:13:18.412 GMT+0100,5869.84,5868.84
24.06.2016 08:13:18.958 GMT+0100,5869.81,5868.81
24.06.2016 08:13:19.412 GMT+0100,5870.71,5869.12
24.06.2016 08:13:19.714 GMT+0100,5871.17,5870.17
24.06.2016 08:13:20.016 GMT+0100,5871.51,5870.51
24.06.2016 08:13:20.378 GMT+0100,5870.235,5869.17
24.06.2016 08:13:20.720 GMT+0100,5870.91,5869.91
24.06.2016 08:13:21.096 GMT+0100,5874.49,5872.495
24.06.2016 08:13:21.501 GMT+0100,5874.44,5873.44
24.06.2016 08:13:22.026 GMT+0100,5875.16,5874.16
24.06.2016 08:13:22.438 GMT+0100,5874.76,5873.76
24.06.2016 08:13:22.766 GMT+0100,5875.26,5874.26
24.06.2016 08:13:23.139 GMT+0100,5875.15,5874.15
24.06.2016 08:13:23.536 GMT+0100,5875.67,5874.67
24.06.2016 08:13:23.865 GMT+0100,5875.38,5874.26
24.06.2016 08:13:24.193 GMT+0100,5876.32,5874.64
24.06.2016 08:13:24.541 GMT+0100,5877.26,5876.26
24.06.2016 08:13:24.856 GMT+0100,5878.34,5877.34
24.06.2016 08:13:25.258 GMT+0100,5878.13,5877.13
24.06.2016 08:13:25.845 GMT+0100,5878.38,5877.38
24.06.2016 08:13:26.176 GMT+0100,5878.28,5877.28
24.06.2016 08:13:26.653 GMT+0100,5879.34,5878.34
24.06.2016 08:13:27.157 GMT+0100,5879.01,5878.01
24.06.2016 08:13:27.459 GMT+0100,5879.22,5878.22
24.06.2016 08:13:27.760 GMT+0100,5879.11,5878.11
24.06.2016 08:13:28.064 GMT+0100,5878.88,5877.88
24.06.2016 08:13:28.426 GMT+0100,5876.01,5875.01
24.06.2016 08:13:28.769 GMT+0100,5876.31,5875.31
24.06.2016 08:13:29.099 GMT+0100,5875.93,5874.93
24.06.2016 08:13:29.432 GMT+0100,5879.51,5878.51
24.06.2016 08:13:29.738 GMT+0100,5878.76,5877.76
24.06.2016 08:13:30.240 GMT+0100,5879,5877.7
24.06.2016 08:13:30.579 GMT+0100,5879.5,5878.5
24.06.2016 08:13:30.958 GMT+0100,5878.25,5877.25
24.06.2016 08:13:31.385 GMT+0100,5878.4,5877.4
24.06.2016 08:13:31.751 GMT+0100,5882.5,5881.5
24.06.2016 08:13:32.189 GMT+0100,5881,5880
24.06.2016 08:13:32.492 GMT+0100,5880.3,5879.3
24.06.2016 08:13:33.154 GMT+0100,5881.17,5880.17
24.06.2016 08:13:33.548 GMT+0100,5882.5,5881.5
24.06.2016 08:13:33.876 GMT+0100,5882.25,5881.25
24.06.2016 08:13:34.205 GMT+0100,5882,5881
24.06.2016 08:13:34.755 GMT+0100,5881.5,5880.5
24.06.2016 08:13:35.119 GMT+0100,5881.84,5880.84
24.06.2016 08:13:35.425 GMT+0100,5881.5,5880.5
24.06.2016 08:13:35.745 GMT+0100,5881.44,5880.44
24.06.2016 08:13:36.138 GMT+0100,5880.5,5879.5
24.06.2016 08:13:36.515 GMT+0100,5882,5881
24.06.2016 08:13:36.847 GMT+0100,5880.85,5879.2
24.06.2016 08:13:37.286 GMT+0100,5879.93,5878.93
24.06.2016 08:13:37.615 GMT+0100,5879.88,5878.88
24.06.2016 08:13:37.931 GMT+0100,5880.34,5879.34
24.06.2016 08:13:38.233 GMT+0100,5880.13,5879.13
24.06.2016 08:13:38.605 GMT+0100,5880,5879
24.06.2016 08:13:38.948 GMT+0100,5880.2,5879.2
24.06.2016 08:13:39.451 GMT+0100,5880.1,5879.1
24.06.2016 08:13:39.815 GMT+0100,5879.59,5878.59
24.06.2016 08:13:40.145 GMT+0100,5879.6,5878.6
24.06.2016 08:13:40.533 GMT+0100,5879.67,5878.67
24.06.2016 08:13:40.911 GMT+0100,5881.085,5879.67
24.06.2016 08:13:41.553 GMT+0100,5881.75,5880.75
24.06.2016 08:13:41.906 GMT+0100,5883.75,5882.625
24.06.2016 08:13:42.456 GMT+0100,5884.5,5883.5
24.06.2016 08:13:42.960 GMT+0100,5883.75,5882.75
24.06.2016 08:13:43.362 GMT+0100,5883.34,5882.34
24.06.2016 08:13:43.775 GMT+0100,5882.75,5881.75
24.06.2016 08:13:44.097 GMT+0100,5882.67,5881.67
24.06.2016 08:13:44.482 GMT+0100,5883.25,5882.25
24.06.2016 08:13:44.873 GMT+0100,5882.7,5881.7
24.06.2016 08:13:45.177 GMT+0100,5885.39,5884.39
24.06.2016 08:13:45.645 GMT+0100,5885.67,5884.67
24.06.2016 08:13:46.966 GMT+0100,5887,5886
24.06.2016 08:13:47.591 GMT+0100,5886.88,5885.88
24.06.2016 08:13:47.892 GMT+0100,5887.25,5886.25
24.06.2016 08:13:48.286 GMT+0100,5887.2,5886.2
24.06.2016 08:13:48.657 GMT+0100,5889.5,5888.5
24.06.2016 08:13:49.098 GMT+0100,5889.17,5888.17
24.06.2016 08:13:49.432 GMT+0100,5888.34,5887.34
24.06.2016 08:13:49.954 GMT+0100,5888.4,5887.4
24.06.2016 08:13:50.595 GMT+0100,5888.55,5887.55
24.06.2016 08:13:51.365 GMT+0100,5888.75,5887.75
24.06.2016 08:13:51.806 GMT+0100,5889.25,5888.25
24.06.2016 08:13:52.135 GMT+0100,5889.4,5888.4
24.06.2016 08:13:52.516 GMT+0100,5889.25,5888.25
24.06.2016 08:13:52.906 GMT+0100,5886,5885
24.06.2016 08:13:53.420 GMT+0100,5886.3,5885.3
24.06.2016 08:13:53.897 GMT+0100,5885.7,5884.7
24.06.2016 08:13:54.373 GMT+0100,5885.67,5884.67
24.06.2016 08:13:54.692 GMT+0100,5885.25,5884.25
24.06.2016 08:13:55.195 GMT+0100,5884.5,5883.5
24.06.2016 08:13:55.530 GMT+0100,5884.58,5883.58
24.06.2016 08:13:55.875 GMT+0100,5886.17,5885.17
24.06.2016 08:13:56.225 GMT+0100,5887.25,5886.25
24.06.2016 08:13:56.754 GMT+0100,5887.17,5886.17
24.06.2016 08:13:57.195 GMT+0100,5886.84,5885.84
24.06.2016 08:13:57.524 GMT+0100,5886.9,5885.9
24.06.2016 08:13:57.965 GMT+0100,5886.6,5885.6
24.06.2016 08:13:58.296 GMT+0100,5884.74,5883.74
24.06.2016 08:13:58.716 GMT+0100,5884.72,5883.72
24.06.2016 08:13:59.158 GMT+0100,5884.67,5883.67
24.06.2016 08:13:59.476 GMT+0100,5884.59,5883.59
24.06.2016 08:13:59.878 GMT+0100,5884.6,5883.6
24.06.2016 08:14:00.326 GMT+0100,5884.75,5883.75
24.06.2016 08:14:00.632 GMT+0100,5884.86,5883.86
24.06.2016 08:14:01.063 GMT+0100,5883.63,5882.63
24.06.2016 08:14:01.375 GMT+0100,5884.21,5883.21
24.06.2016 08:14:01.705 GMT+0100,5884.27,5883.27
24.06.2016 08:14:02.072 GMT+0100,5883.8,5882.8
24.06.2016 08:14:02.391 GMT+0100,5884.3,5883.3
24.06.2016 08:14:02.805 GMT+0100,5884.24,5883.24
24.06.2016 08:14:03.195 GMT+0100,5883.98,5882.98
24.06.2016 08:14:03.497 GMT+0100,5884.595,5883.19
24.06.2016 08:14:03.906 GMT+0100,5884.875,5883.75
24.06.2016 08:14:04.402 GMT+0100,5886,5885
24.06.2016 08:14:05.269 GMT+0100,5885.84,5884.84
24.06.2016 08:14:05.775 GMT+0100,5885.35,5884.35
24.06.2016 08:14:06.187 GMT+0100,5886.93,5885.93
24.06.2016 08:14:06.655 GMT+0100,5886.17,5885.17
24.06.2016 08:14:06.975 GMT+0100,5885.38,5884.38
24.06.2016 08:14:07.315 GMT+0100,5885.17,5884.17
24.06.2016 08:14:07.719 GMT+0100,5885.25,5884.25
24.06.2016 08:14:08.225 GMT+0100,5885.7,5884.7
24.06.2016 08:14:08.634 GMT+0100,5886.13,5885.13
24.06.2016 08:14:09.773 GMT+0100,5885.94,5884.94
24.06.2016 08:14:10.094 GMT+0100,5885.69,5884.69
24.06.2016 08:14:10.505 GMT+0100,5883.525,5881.75
24.06.2016 08:14:10.835 GMT+0100,5882.34,5881.34
24.06.2016 08:14:11.195 GMT+0100,5881.965,5880.93
24.06.2016 08:14:11.606 GMT+0100,5881.67,5880.67
24.06.2016 08:14:11.934 GMT+0100,5881.5,5880.5
24.06.2016 08:14:12.266 GMT+0100,5881.1,5880.1
24.06.2016 08:14:12.611 GMT+0100,5882.94,5881.94
24.06.2016 08:14:13.112 GMT+0100,5883.03,5882.03
24.06.2016 08:14:13.919 GMT+0100,5882.79,5881.79
24.06.2016 08:14:14.246 GMT+0100,5882.7,5881.7
24.06.2016 08:14:14.746 GMT+0100,5882.58,5881.58
24.06.2016 08:14:15.148 GMT+0100,5884.13,5883.13
24.06.2016 08:14:15.492 GMT+0100,5884.07,5883.07
24.06.2016 08:14:15.932 GMT+0100,5884.45,5883.45
24.06.2016 08:14:16.453 GMT+0100,5884.57,5883.34
24.06.2016 08:14:16.938 GMT+0100,5885.25,5884.25
24.06.2016 08:14:17.324 GMT+0100,5885.15,5884.15
24.06.2016 08:14:17.874 GMT+0100,5885.17,5884.17
24.06.2016 08:14:18.285 GMT+0100,5884.75,5883.75
24.06.2016 08:14:19.100 GMT+0100,5884.72,5883.72
24.06.2016 08:14:19.415 GMT+0100,5884.63,5883.63
24.06.2016 08:14:19.745 GMT+0100,5884.36,5883.36
24.06.2016 08:14:20.258 GMT+0100,5883.63,5882.63
24.06.2016 08:14:20.735 GMT+0100,5883.25,5882.25
24.06.2016 08:14:21.216 GMT+0100,5882.75,5881.75
24.06.2016 08:14:21.834 GMT+0100,5882.6,5881.6
24.06.2016 08:14:22.148 GMT+0100,5882.8,5881.8
24.06.2016 08:14:22.676 GMT+0100,5884.275,5882.75
24.06.2016 08:14:23.155 GMT+0100,5884.735,5883.67
24.06.2016 08:14:23.484 GMT+0100,5884.63,5883.63
24.06.2016 08:14:23.786 GMT+0100,5884.84,5883.84
24.06.2016 08:14:24.099 GMT+0100,5881.25,5880.8
24.06.2016 08:14:24.186 GMT+0100,5881.25,5880.25
24.06.2016 08:14:24.364 GMT+0100,5881.43,5880.43
24.06.2016 08:14:24.692 GMT+0100,5882.07,5881.07
24.06.2016 08:14:24.994 GMT+0100,5881.75,5880.75
24.06.2016 08:14:25.295 GMT+0100,5881.17,5880.17
