Local time,Ask,Bid,AskVolume,BidVolume
10.06.2016 08:00:00.318 GMT+0100,6214.02,6213.773,0,0.0003
10.06.2016 08:00:00.650 GMT+0100,6214,6213.02,0.0001,0.0002
10.06.2016 08:00:00.701 GMT+0100,6209.39,6208.39,0.0009,0.0013
10.06.2016 08:00:00.812 GMT+0100,6209.4,6209.3,0,0.0001
10.06.2016 08:00:00.913 GMT+0100,6209.63,6208.63,0,0.0009
10.06.2016 08:00:00.968 GMT+0100,6209.63,6209,0,0.0003
10.06.2016 08:00:01.064 GMT+0100,6209.63,6208.63,0,0.0009
10.06.2016 08:00:01.218 GMT+0100,6209.35,6208.8,0,0.0001
10.06.2016 08:00:01.647 GMT+0100,6209.35,6208.35,0,0.0009
10.06.2016 08:00:01.698 GMT+0100,6209.82,6208.82,0,0.0009
10.06.2016 08:00:01.751 GMT+0100,6209.23,6208.23,0,0.0009
10.06.2016 08:00:01.820 GMT+0100,6209.23,6208.8,0,0.0001
10.06.2016 08:00:02.325 GMT+0100,6209.97,6209.6,0,0.0001
10.06.2016 08:00:02.564 GMT+0100,6210.483,6208.95,0,0.0013
10.06.2016 08:00:02.740 GMT+0100,6212.9,6211.9,0,0.0013
10.06.2016 08:00:03.079 GMT+0100,6212.9,6212.6,0,0.0001
10.06.2016 08:00:03.480 GMT+0100,6213.5,6212.6,0,0.0001
10.06.2016 08:00:03.531 GMT+0100,6213.97,6212.97,0,0.0009
10.06.2016 08:00:03.889 GMT+0100,6213.94,6212.94,0,0.0009
10.06.2016 08:00:04.060 GMT+0100,6213.95,6212.95,0,0.0009
10.06.2016 08:00:04.561 GMT+0100,6213.93,6212.93,0,0.0009
10.06.2016 08:00:04.683 GMT+0100,6213.93,6213.1,0,0.0001
10.06.2016 08:00:04.940 GMT+0100,6213.97,6213.1,0,0.0001
10.06.2016 08:00:05.049 GMT+0100,6214.49,6213.49,0,0.0009
10.06.2016 08:00:05.185 GMT+0100,6214.49,6213.49,0,0.0009
10.06.2016 08:00:05.270 GMT+0100,6214.48,6213.48,0,0.0009
10.06.2016 08:00:05.966 GMT+0100,6214.87,6214.3,0,0.0003
10.06.2016 08:00:06.087 GMT+0100,6214.87,6214.3,0,0.0003
10.06.2016 08:00:06.149 GMT+0100,6214.43,6214.3,0,0.0003
10.06.2016 08:00:06.299 GMT+0100,6214.43,6214,0,0.0003
10.06.2016 08:00:06.400 GMT+0100,6214.43,6213.8,0,0.0003
10.06.2016 08:00:06.480 GMT+0100,6214.41,6213.8,0,0.0003
10.06.2016 08:00:06.590 GMT+0100,6213.78,6212.78,0,0.0009
10.06.2016 08:00:06.640 GMT+0100,6213.78,6212.8,0,0.0001
10.06.2016 08:00:07.153 GMT+0100,6213.93,6212.93,0,0.0009
10.06.2016 08:00:07.470 GMT+0100,6213.7,6212.8,0,0.0001
10.06.2016 08:00:07.600 GMT+0100,6213.7,6212.9,0,0.0001
10.06.2016 08:00:07.800 GMT+0100,6213.98,6212.98,0,0.0009
10.06.2016 08:00:07.905 GMT+0100,6213.98,6213.727,0,0.0003
10.06.2016 08:00:08.307 GMT+0100,6213.81,6212.9,0,0.0001
10.06.2016 08:00:08.407 GMT+0100,6213.92,6212.92,0,0.0009
10.06.2016 08:00:08.600 GMT+0100,6213.92,6213,0,0.0001
10.06.2016 08:00:08.909 GMT+0100,6214.18,6213.8,0,0.0003
10.06.2016 08:00:09.230 GMT+0100,6214.26,6214,0,0.0003
10.06.2016 08:00:09.311 GMT+0100,6214.26,6213.26,0.0005,0.0002
10.06.2016 08:00:09.450 GMT+0100,6212.92,6212.1,0,0.0001
10.06.2016 08:00:09.779 GMT+0100,6213.25,6212.25,0,0.0009
10.06.2016 08:00:10.427 GMT+0100,6213.28,6212.28,0,0.0009
10.06.2016 08:00:10.771 GMT+0100,6212.71,6211.9,0,0.0001
10.06.2016 08:00:11.100 GMT+0100,6212.8,6211.9,0,0.0001
10.06.2016 08:00:11.150 GMT+0100,6212.8,6212.1,0,0.0001
10.06.2016 08:00:11.493 GMT+0100,6213.13,6212.13,0,0.0009
10.06.2016 08:00:11.544 GMT+0100,6213.13,6212.8,0,0.0003
10.06.2016 08:00:11.711 GMT+0100,6213.13,6212.8,0,0.0003
10.06.2016 08:00:11.871 GMT+0100,6212.9,6212.8,0,0.0003
10.06.2016 08:00:11.921 GMT+0100,6212.9,6211.9,0.0005,0.0002
10.06.2016 08:00:12.029 GMT+0100,6212.9,6212.5,0,0.0003
10.06.2016 08:00:12.323 GMT+0100,6212.9,6211.9,0,0.0009
10.06.2016 08:00:12.421 GMT+0100,6212.93,6211.93,0,0.0009
10.06.2016 08:00:12.749 GMT+0100,6212.93,6212.71,0,0.0003
10.06.2016 08:00:13.080 GMT+0100,6212.7,6211.9,0,0.0001
10.06.2016 08:00:13.218 GMT+0100,6212.7,6211.7,0,0.0013
10.06.2016 08:00:13.319 GMT+0100,6212.68,6211.7,0,0.0001
10.06.2016 08:00:14.062 GMT+0100,6212.22,6212,0,0.0003
10.06.2016 08:00:14.113 GMT+0100,6211.66,6210.66,0,0.0009
10.06.2016 08:00:14.229 GMT+0100,6211.66,6210.9,0,0.0001
10.06.2016 08:00:14.290 GMT+0100,6211.65,6210.9,0,0.0001
10.06.2016 08:00:14.529 GMT+0100,6211.78,6210.9,0,0.0001
10.06.2016 08:00:14.750 GMT+0100,6211.77,6210.9,0,0.0001
10.06.2016 08:00:15.163 GMT+0100,6211.8,6210.9,0,0.0001
10.06.2016 08:00:15.300 GMT+0100,6211.88,6210.9,0,0.0001
10.06.2016 08:00:15.519 GMT+0100,6211.78,6210.9,0,0.0001
10.06.2016 08:00:16.404 GMT+0100,6211.87,6211.4,0,0.0001
10.06.2016 08:00:16.730 GMT+0100,6213,6212,0,0.0009
10.06.2016 08:00:16.780 GMT+0100,6213,6212,0,0.0009
10.06.2016 08:00:16.950 GMT+0100,6213.03,6212.03,0,0.0009
10.06.2016 08:00:17.235 GMT+0100,6213.07,6212.1,0,0.0001
10.06.2016 08:00:17.499 GMT+0100,6213.28,6212.28,0,0.0009
10.06.2016 08:00:17.939 GMT+0100,6213.12,6212.873,0,0.0003
10.06.2016 08:00:18.239 GMT+0100,6213.13,6212.977,0,0.0003
10.06.2016 08:00:18.347 GMT+0100,6213.13,6212.3,0,0.0001
10.06.2016 08:00:18.489 GMT+0100,6213.24,6212.3,0,0.0001
10.06.2016 08:00:18.743 GMT+0100,6213.24,6212.24,0,0.0009
10.06.2016 08:00:19.066 GMT+0100,6212.84,6212.5,0,0.0003
10.06.2016 08:00:19.401 GMT+0100,6212.87,6212.77,0,0.0003
10.06.2016 08:00:19.699 GMT+0100,6212.7,6211.7,0,0.0013
10.06.2016 08:00:19.852 GMT+0100,6212.7,6212.467,0,0.0003
10.06.2016 08:00:19.970 GMT+0100,6212.74,6211.74,0,0.0009
10.06.2016 08:00:20.330 GMT+0100,6212.63,6211.7,0,0.0001
10.06.2016 08:00:20.690 GMT+0100,6212.78,6212.493,0,0.0003
10.06.2016 08:00:21.290 GMT+0100,6212.78,6212.46,0,0.0003
10.06.2016 08:00:21.891 GMT+0100,6212.66,6212.3,0,0.0003
10.06.2016 08:00:21.992 GMT+0100,6212.43,6212,0,0.0003
10.06.2016 08:00:22.449 GMT+0100,6212.19,6211.963,0,0.0003
10.06.2016 08:00:22.500 GMT+0100,6212.19,6211.8,0,0.0003
10.06.2016 08:00:22.878 GMT+0100,6212.19,6211.8,0,0.0003
10.06.2016 08:00:22.929 GMT+0100,6212.18,6211.18,0.0005,0.0002
10.06.2016 08:00:22.999 GMT+0100,6211.98,6210.98,0.0005,0.0002
10.06.2016 08:00:23.265 GMT+0100,6211.98,6210.98,0.0005,0.0002
10.06.2016 08:00:23.365 GMT+0100,6211.98,6210.98,0.0007,0.0002
10.06.2016 08:00:23.551 GMT+0100,6210.82,6210.3,0,0.0003
10.06.2016 08:00:23.766 GMT+0100,6210.82,6209.82,0.0005,0.0002
10.06.2016 08:00:23.817 GMT+0100,6210.13,6209.8,0,0.0003
10.06.2016 08:00:24.321 GMT+0100,6210.18,6209.893,0,0.0003
10.06.2016 08:00:24.699 GMT+0100,6210.19,6209.5,0,0.0003
10.06.2016 08:00:24.771 GMT+0100,6210.19,6209.3,0,0.0003
10.06.2016 08:00:24.822 GMT+0100,6210.19,6209.3,0,0.0003
10.06.2016 08:00:25.322 GMT+0100,6209.7,6209.5,0,0.0003
10.06.2016 08:00:25.601 GMT+0100,6209.51,6209.3,0,0.0003
10.06.2016 08:00:25.652 GMT+0100,6209.6,6209.3,0,0.0003
10.06.2016 08:00:25.979 GMT+0100,6209.64,6209.3,0,0.0003
10.06.2016 08:00:26.075 GMT+0100,6209.64,6209,0,0.0003
10.06.2016 08:00:26.398 GMT+0100,6209.64,6208.8,0,0.0003
10.06.2016 08:00:26.577 GMT+0100,6209.39,6208.39,0,0.0009
10.06.2016 08:00:26.749 GMT+0100,6209.53,6208.53,0,0.0009
10.06.2016 08:00:26.859 GMT+0100,6209.16,6208.4,0,0.0001
10.06.2016 08:00:27.379 GMT+0100,6209.45,6208.45,0,0.0009
10.06.2016 08:00:27.481 GMT+0100,6209.45,6209.217,0,0.0003
10.06.2016 08:00:27.739 GMT+0100,6209.09,6208.4,0,0.0001
10.06.2016 08:00:27.790 GMT+0100,6209.09,6208.1,0,0.0001
10.06.2016 08:00:27.959 GMT+0100,6209.16,6208.16,0,0.0009
10.06.2016 08:00:28.524 GMT+0100,6209.2,6208.2,0,0.0009
10.06.2016 08:00:28.840 GMT+0100,6209.75,6208.75,0,0.0009
10.06.2016 08:00:28.901 GMT+0100,6209.75,6208.75,0,0.0009
10.06.2016 08:00:29.281 GMT+0100,6209.81,6208.81,0,0.0009
10.06.2016 08:00:29.709 GMT+0100,6209.81,6208.81,0,0.0009
10.06.2016 08:00:29.759 GMT+0100,6210.46,6209.46,0,0.0009
10.06.2016 08:00:29.810 GMT+0100,6210.46,6209.46,0.0005,0.0002
10.06.2016 08:00:29.860 GMT+0100,6209.63,6209,0,0.0003
10.06.2016 08:00:30.049 GMT+0100,6209.03,6208.91,0,0.0003
10.06.2016 08:00:30.393 GMT+0100,6209.1,6208.843,0,0.0003
10.06.2016 08:00:30.490 GMT+0100,6208.97,6208,0,0.0001
10.06.2016 08:00:30.781 GMT+0100,6208.97,6208.69,0,0.0003
10.06.2016 08:00:30.834 GMT+0100,6208.97,6208.5,0,0.0003
10.06.2016 08:00:30.930 GMT+0100,6208.42,6207.42,0,0.0009
10.06.2016 08:00:30.997 GMT+0100,6208.42,6207.8,0,0.0003
10.06.2016 08:00:31.305 GMT+0100,6208.42,6207.8,0,0.0003
10.06.2016 08:00:31.371 GMT+0100,6207.7,6206.9,0,0.0001
10.06.2016 08:00:31.500 GMT+0100,6207.7,6206.8,0,0.0003
10.06.2016 08:00:31.777 GMT+0100,6207.2,6205.7,0,0.0013
10.06.2016 08:00:31.828 GMT+0100,6207.31,6206.31,0,0.0013
10.06.2016 08:00:32.200 GMT+0100,6208.72,6207.72,0,0.0013
10.06.2016 08:00:32.511 GMT+0100,6209.48,6208.48,0,0.0009
10.06.2016 08:00:32.984 GMT+0100,6209.48,6209.193,0,0.0003
10.06.2016 08:00:33.761 GMT+0100,6209.46,6208.46,0,0.0009
10.06.2016 08:00:33.812 GMT+0100,6209.61,6208.61,0,0.0009
10.06.2016 08:00:34.115 GMT+0100,6209.91,6209.5,0,0.0003
10.06.2016 08:00:34.416 GMT+0100,6209.91,6209.3,0,0.0003
10.06.2016 08:00:34.648 GMT+0100,6209.91,6209.3,0,0.0003
10.06.2016 08:00:35.001 GMT+0100,6209.37,6209.27,0,0.0003
10.06.2016 08:00:35.109 GMT+0100,6209.24,6208.24,0,0.0009
10.06.2016 08:00:35.160 GMT+0100,6209.24,6208.98,0,0.0003
10.06.2016 08:00:35.220 GMT+0100,6209.24,6208.5,0,0.0003
10.06.2016 08:00:35.472 GMT+0100,6208.62,6208.5,0,0.0003
10.06.2016 08:00:35.977 GMT+0100,6208.6,6208.367,0,0.0003
10.06.2016 08:00:36.308 GMT+0100,6208.7,6208.5,0,0.0003
10.06.2016 08:00:36.477 GMT+0100,6209.46,6208.5,0,0.0001
10.06.2016 08:00:36.834 GMT+0100,6209.46,6208.9,0,0.0001
10.06.2016 08:00:36.886 GMT+0100,6209.97,6208.97,0,0.0009
10.06.2016 08:00:36.936 GMT+0100,6209.97,6209.5,0,0.0003
10.06.2016 08:00:37.139 GMT+0100,6209.8,6209.3,0,0.0003
10.06.2016 08:00:37.209 GMT+0100,6209.45,6209.3,0,0.0003
10.06.2016 08:00:37.814 GMT+0100,6209.39,6209.29,0,0.0003
10.06.2016 08:00:37.869 GMT+0100,6209.28,6208.28,0,0.0009
10.06.2016 08:00:37.934 GMT+0100,6209.28,6208.993,0,0.0003
10.06.2016 08:00:38.309 GMT+0100,6209.09,6208.93,0,0.0003
10.06.2016 08:00:38.530 GMT+0100,6208.78,6207.8,0,0.0001
10.06.2016 08:00:38.832 GMT+0100,6208.37,6207.8,0,0.0001
10.06.2016 08:00:38.883 GMT+0100,6208.37,6207.5,0,0.0001
10.06.2016 08:00:39.299 GMT+0100,6208.63,6207.63,0,0.0009
10.06.2016 08:00:39.960 GMT+0100,6208.95,6207.95,0,0.0009
10.06.2016 08:00:40.349 GMT+0100,6208.96,6207.96,0,0.0009
10.06.2016 08:00:40.787 GMT+0100,6208.91,6208.67,0,0.0003
10.06.2016 08:00:41.099 GMT+0100,6208.63,6207.8,0,0.0001
10.06.2016 08:00:41.429 GMT+0100,6208.63,6207.7,0,0.0001
10.06.2016 08:00:41.673 GMT+0100,6208.34,6207.7,0,0.0001
10.06.2016 08:00:41.982 GMT+0100,6208.89,6207.89,0,0.0009
10.06.2016 08:00:42.199 GMT+0100,6208.87,6207.87,0,0.0009
10.06.2016 08:00:42.433 GMT+0100,6208.87,6208.5,0,0.0001
10.06.2016 08:00:43.055 GMT+0100,6209.48,6209.26,0,0.0003
10.06.2016 08:00:43.157 GMT+0100,6209.47,6208.5,0,0.0001
10.06.2016 08:00:43.358 GMT+0100,6209.47,6209,0,0.0003
10.06.2016 08:00:43.679 GMT+0100,6209.13,6208.5,0,0.0003
10.06.2016 08:00:44.115 GMT+0100,6208.41,6207.8,0,0.0001
10.06.2016 08:00:44.215 GMT+0100,6208.93,6207.93,0,0.0009
10.06.2016 08:00:44.399 GMT+0100,6208.83,6207.83,0,0.0009
10.06.2016 08:00:44.729 GMT+0100,6208.92,6207.92,0,0.0009
10.06.2016 08:00:45.143 GMT+0100,6208.92,6207.92,0,0.0009
10.06.2016 08:00:45.566 GMT+0100,6208.92,6208.8,0,0.0003
10.06.2016 08:00:45.667 GMT+0100,6208.87,6208.5,0,0.0003
10.06.2016 08:00:45.923 GMT+0100,6208.56,6208.42,0,0.0003
10.06.2016 08:00:45.973 GMT+0100,6208.56,6207.7,0,0.0001
10.06.2016 08:00:46.159 GMT+0100,6208.66,6207.7,0,0.0001
10.06.2016 08:00:46.210 GMT+0100,6208.66,6207.8,0,0.0001
10.06.2016 08:00:46.420 GMT+0100,6208.72,6207.8,0,0.0001
10.06.2016 08:00:46.743 GMT+0100,6208.73,6207.8,0,0.0001
10.06.2016 08:00:46.929 GMT+0100,6208.95,6207.95,0,0.0009
10.06.2016 08:00:47.259 GMT+0100,6208.88,6207.88,0,0.0009
10.06.2016 08:00:47.590 GMT+0100,6209.13,6208.13,0,0.0009
10.06.2016 08:00:48.337 GMT+0100,6209.13,6208.3,0,0.0001
10.06.2016 08:00:48.388 GMT+0100,6209.08,6208.3,0,0.0001
10.06.2016 08:00:48.477 GMT+0100,6209.493,6208.08,0,0.0013
10.06.2016 08:00:48.627 GMT+0100,6209.98,6208.98,0,0.0013
10.06.2016 08:00:48.969 GMT+0100,6210.48,6209.48,0,0.0013
10.06.2016 08:00:49.026 GMT+0100,6210.48,6209.48,0,0.0009
10.06.2016 08:00:50.009 GMT+0100,6210.58,6209.58,0,0.0009
10.06.2016 08:00:50.782 GMT+0100,6210.68,6209.68,0,0.0009
10.06.2016 08:00:52.209 GMT+0100,6210.8,6209.8,0,0.0009
10.06.2016 08:00:52.539 GMT+0100,6210.81,6209.81,0,0.0009
10.06.2016 08:00:52.907 GMT+0100,6211.43,6210.43,0,0.0009
10.06.2016 08:00:53.089 GMT+0100,6211.33,6210.33,0,0.0009
10.06.2016 08:00:53.309 GMT+0100,6211.31,6210.31,0,0.0009
10.06.2016 08:00:53.749 GMT+0100,6211.39,6210.39,0,0.0009
10.06.2016 08:00:54.085 GMT+0100,6211.37,6210.37,0,0.0009
10.06.2016 08:00:54.194 GMT+0100,6211.37,6210.37,0,0.0009
10.06.2016 08:00:54.557 GMT+0100,6212.64,6211.64,0.0005,0.0009
10.06.2016 08:00:54.608 GMT+0100,6212.64,6211.64,0.0005,0.0002
10.06.2016 08:00:54.849 GMT+0100,6211.47,6210.47,0,0.0009
10.06.2016 08:00:54.900 GMT+0100,6211.47,6211.19,0,0.0003
10.06.2016 08:00:55.405 GMT+0100,6210.51,6209.51,0,0.0009
10.06.2016 08:00:55.455 GMT+0100,6210.6,6210.5,0,0.0003
10.06.2016 08:00:55.649 GMT+0100,6210.48,6209.5,0,0.0001
10.06.2016 08:00:55.949 GMT+0100,6210.41,6209.5,0,0.0001
10.06.2016 08:00:56.300 GMT+0100,6210.4,6210.217,0,0.0003
10.06.2016 08:00:56.389 GMT+0100,6210.12,6209.5,0,0.0001
10.06.2016 08:00:56.440 GMT+0100,6210.12,6209.2,0,0.0001
10.06.2016 08:00:56.921 GMT+0100,6210.12,6209.12,0,0.0009
10.06.2016 08:00:57.269 GMT+0100,6209.79,6208.79,0,0.0009
10.06.2016 08:00:57.403 GMT+0100,6209.79,6209.497,0,0.0003
10.06.2016 08:00:57.834 GMT+0100,6209.03,6208.93,0,0.0003
10.06.2016 08:00:57.906 GMT+0100,6209.03,6208.5,0,0.0001
10.06.2016 08:00:58.090 GMT+0100,6209.03,6208.3,0,0.0001
10.06.2016 08:00:58.149 GMT+0100,6209.32,6208.32,0,0.0009
10.06.2016 08:00:58.208 GMT+0100,6209.32,6209,0,0.0003
10.06.2016 08:00:58.308 GMT+0100,6209.32,6208.32,0,0.0009
10.06.2016 08:00:58.369 GMT+0100,6209.28,6208.3,0,0.0001
10.06.2016 08:00:58.699 GMT+0100,6209.11,6208.97,0,0.0003
10.06.2016 08:00:59.200 GMT+0100,6208.94,6208,0,0.0001
10.06.2016 08:00:59.909 GMT+0100,6208.92,6208,0,0.0001
10.06.2016 08:01:00.303 GMT+0100,6208.92,6207.92,0.0005,0.0002
10.06.2016 08:01:00.354 GMT+0100,6207.44,6206.7,0,0.0001
10.06.2016 08:01:00.581 GMT+0100,6207.56,6206.7,0,0.0001
10.06.2016 08:01:00.632 GMT+0100,6207.6,6207.42,0,0.0003
10.06.2016 08:01:00.832 GMT+0100,6207.56,6206.7,0,0.0001
10.06.2016 08:01:00.899 GMT+0100,6207.6,6206.7,0,0.0001
10.06.2016 08:01:01.038 GMT+0100,6207.6,6206.9,0,0.0001
10.06.2016 08:01:01.119 GMT+0100,6207.93,6206.93,0,0.0009
10.06.2016 08:01:01.397 GMT+0100,6207.93,6207.71,0,0.0003
10.06.2016 08:01:01.447 GMT+0100,6207.93,6207.7,0,0.0001
10.06.2016 08:01:01.498 GMT+0100,6208,6207.7,0,0.0001
10.06.2016 08:01:01.549 GMT+0100,6208,6207,0,0.0009
10.06.2016 08:01:01.686 GMT+0100,6208.46,6207.46,0,0.0009
10.06.2016 08:01:02.037 GMT+0100,6208.46,6207.8,0,0.0003
10.06.2016 08:01:02.454 GMT+0100,6207.61,6206.7,0,0.0001
10.06.2016 08:01:02.504 GMT+0100,6207.61,6207.437,0,0.0003
10.06.2016 08:01:02.640 GMT+0100,6207.61,6207.3,0,0.0003
10.06.2016 08:01:03.012 GMT+0100,6207.49,6207.263,0,0.0003
10.06.2016 08:01:03.062 GMT+0100,6207.49,6207,0,0.0003
10.06.2016 08:01:03.113 GMT+0100,6207.09,6206.93,0,0.0003
10.06.2016 08:01:03.319 GMT+0100,6207.11,6206.937,0,0.0003
10.06.2016 08:01:03.444 GMT+0100,6207.11,6206.8,0,0.0003
10.06.2016 08:01:03.544 GMT+0100,6207.11,6206.3,0,0.0003
10.06.2016 08:01:03.594 GMT+0100,6207.11,6206.3,0,0.0003
10.06.2016 08:01:03.985 GMT+0100,6206.67,6206.39,0,0.0003
10.06.2016 08:01:04.053 GMT+0100,6206.67,6206.423,0,0.0003
10.06.2016 08:01:04.554 GMT+0100,6206.65,6206.383,0,0.0003
10.06.2016 08:01:04.647 GMT+0100,6206.65,6206.3,0,0.0003
10.06.2016 08:01:04.747 GMT+0100,6206.65,6206.383,0,0.0003
10.06.2016 08:01:05.409 GMT+0100,6206.47,6205.5,0,0.0001
10.06.2016 08:01:05.519 GMT+0100,6206.46,6205.5,0,0.0001
10.06.2016 08:01:06.509 GMT+0100,6206.59,6205.59,0,0.0009
10.06.2016 08:01:06.839 GMT+0100,6206.36,6205.4,0,0.0001
10.06.2016 08:01:07.059 GMT+0100,6206.37,6205.4,0,0.0001
10.06.2016 08:01:07.279 GMT+0100,6206.58,6205.58,0,0.0009
10.06.2016 08:01:07.835 GMT+0100,6206.58,6206,0,0.0003
10.06.2016 08:01:07.939 GMT+0100,6206.24,6205.24,0,0.0009
10.06.2016 08:01:08.270 GMT+0100,6206.24,6205.5,0,0.0001
10.06.2016 08:01:08.669 GMT+0100,6206.19,6205.5,0,0.0001
10.06.2016 08:01:08.720 GMT+0100,6206.55,6205.55,0,0.0009
10.06.2016 08:01:08.772 GMT+0100,6206.55,6205.55,0,0.0009
10.06.2016 08:01:08.822 GMT+0100,6206.42,6205.42,0,0.0009
10.06.2016 08:01:09.149 GMT+0100,6206.23,6205.4,0,0.0001
10.06.2016 08:01:09.369 GMT+0100,6206.28,6205.4,0,0.0001
10.06.2016 08:01:09.699 GMT+0100,6206.32,6205.4,0,0.0001
10.06.2016 08:01:09.919 GMT+0100,6206.34,6205.4,0,0.0001
10.06.2016 08:01:10.176 GMT+0100,6206.34,6205.5,0,0.0001
10.06.2016 08:01:10.480 GMT+0100,6206.32,6205.5,0,0.0001
10.06.2016 08:01:10.579 GMT+0100,6206.59,6205.59,0,0.0009
10.06.2016 08:01:10.799 GMT+0100,6206.62,6205.62,0,0.0009
10.06.2016 08:01:11.569 GMT+0100,6206.59,6205.59,0,0.0009
10.06.2016 08:01:12.100 GMT+0100,6206.57,6205.57,0,0.0009
10.06.2016 08:01:12.339 GMT+0100,6206.55,6205.55,0,0.0009
10.06.2016 08:01:12.885 GMT+0100,6206.55,6205.55,0,0.0009
10.06.2016 08:01:13.323 GMT+0100,6206.3,6205.4,0,0.0001
10.06.2016 08:01:13.439 GMT+0100,6206.31,6205.4,0,0.0001
10.06.2016 08:01:13.891 GMT+0100,6206.42,6205.42,0,0.0009
10.06.2016 08:01:14.176 GMT+0100,6206.42,6206.207,0,0.0003
10.06.2016 08:01:14.647 GMT+0100,6206.4,6206.3,0,0.0003
10.06.2016 08:01:14.697 GMT+0100,6206.28,6205.28,0,0.0009
10.06.2016 08:01:14.868 GMT+0100,6206.27,6205.27,0,0.0009
10.06.2016 08:01:15.529 GMT+0100,6206.26,6205.26,0,0.0009
10.06.2016 08:01:16.287 GMT+0100,6206.27,6205.27,0,0.0009
10.06.2016 08:01:16.849 GMT+0100,6206.25,6205.25,0,0.0009
10.06.2016 08:01:16.959 GMT+0100,6206.21,6205.21,0,0.0009
10.06.2016 08:01:17.289 GMT+0100,6206.2,6205.2,0,0.0013
10.06.2016 08:01:17.383 GMT+0100,6206.2,6205.8,0,0.0003
10.06.2016 08:01:17.718 GMT+0100,6205.98,6205.76,0,0.0003
10.06.2016 08:01:17.839 GMT+0100,6205.73,6205,0,0.0001
10.06.2016 08:01:18.059 GMT+0100,6205.82,6205,0,0.0001
10.06.2016 08:01:18.279 GMT+0100,6205.57,6205,0,0.0001
10.06.2016 08:01:18.779 GMT+0100,6205.62,6205,0,0.0001
10.06.2016 08:01:18.830 GMT+0100,6205.62,6204.62,0,0.0009
10.06.2016 08:01:19.049 GMT+0100,6205.58,6204.58,0,0.0009
10.06.2016 08:01:19.379 GMT+0100,6205.63,6204.63,0,0.0009
10.06.2016 08:01:19.780 GMT+0100,6205.73,6204.73,0,0.0009
10.06.2016 08:01:20.493 GMT+0100,6205.74,6205.413,0,0.0003
10.06.2016 08:01:20.744 GMT+0100,6205.42,6204.5,0,0.0001
10.06.2016 08:01:21.029 GMT+0100,6205.64,6204.64,0,0.0009
10.06.2016 08:01:21.395 GMT+0100,6205.19,6204.5,0,0.0001
10.06.2016 08:01:21.623 GMT+0100,6205.32,6204.5,0,0.0001
10.06.2016 08:01:21.715 GMT+0100,6205.32,6204.4,0,0.0001
10.06.2016 08:01:21.847 GMT+0100,6205.47,6204.47,0,0.0009
10.06.2016 08:01:21.997 GMT+0100,6205.47,6205.223,0,0.0003
10.06.2016 08:01:22.217 GMT+0100,6205.49,6205.263,0,0.0003
10.06.2016 08:01:22.674 GMT+0100,6205.49,6204.8,0,0.0003
10.06.2016 08:01:22.725 GMT+0100,6205.48,6204.8,0,0.0003
10.06.2016 08:01:23.669 GMT+0100,6204.85,6204.683,0,0.0003
10.06.2016 08:01:24.157 GMT+0100,6204.65,6203.9,0,0.0001
10.06.2016 08:01:24.222 GMT+0100,6204.65,6203.7,0,0.0001
10.06.2016 08:01:24.404 GMT+0100,6204.65,6204.3,0,0.0003
10.06.2016 08:01:24.724 GMT+0100,6204.64,6204.28,0,0.0003
10.06.2016 08:01:25.305 GMT+0100,6204.31,6203.4,0,0.0001
10.06.2016 08:01:25.356 GMT+0100,6204.37,6203.4,0,0.0001
10.06.2016 08:01:25.406 GMT+0100,6204.4,6204.19,0,0.0003
10.06.2016 08:01:25.759 GMT+0100,6204.27,6203.4,0,0.0001
10.06.2016 08:01:26.088 GMT+0100,6204.26,6203.4,0,0.0001
10.06.2016 08:01:26.639 GMT+0100,6204.2,6203.4,0,0.0001
10.06.2016 08:01:26.830 GMT+0100,6204.2,6203.2,0,0.0013
10.06.2016 08:01:26.881 GMT+0100,6204.18,6203.2,0,0.0001
10.06.2016 08:01:27.188 GMT+0100,6203.85,6203.75,0,0.0003
10.06.2016 08:01:27.536 GMT+0100,6203.63,6202.8,0,0.0001
10.06.2016 08:01:27.610 GMT+0100,6203.63,6203.477,0,0.0003
10.06.2016 08:01:28.071 GMT+0100,6203.44,6202.44,0,0.0009
10.06.2016 08:01:28.508 GMT+0100,6203.46,6202.46,0,0.0009
10.06.2016 08:01:28.728 GMT+0100,6203.44,6202.44,0,0.0009
10.06.2016 08:01:28.950 GMT+0100,6203.43,6202.43,0,0.0009
10.06.2016 08:01:29.416 GMT+0100,6203.4,6202.4,0,0.0013
10.06.2016 08:01:29.498 GMT+0100,6203.39,6202.4,0,0.0001
10.06.2016 08:01:29.828 GMT+0100,6203.25,6202.25,0,0.0009
10.06.2016 08:01:30.242 GMT+0100,6203.28,6202.927,0,0.0003
10.06.2016 08:01:30.292 GMT+0100,6202.97,6202,0,0.0001
10.06.2016 08:01:30.577 GMT+0100,6202.97,6202.757,0,0.0003
10.06.2016 08:01:30.709 GMT+0100,6202.71,6202,0,0.0001
10.06.2016 08:01:30.930 GMT+0100,6202.61,6202,0,0.0001
10.06.2016 08:01:31.247 GMT+0100,6202.61,6202.37,0,0.0003
10.06.2016 08:01:31.921 GMT+0100,6202.41,6202.237,0,0.0003
10.06.2016 08:01:32.021 GMT+0100,6202.41,6201.5,0,0.0001
10.06.2016 08:01:32.248 GMT+0100,6202.29,6201.5,0,0.0001
10.06.2016 08:01:32.954 GMT+0100,6202.48,6202.26,0,0.0003
10.06.2016 08:01:33.025 GMT+0100,6202.48,6201.5,0,0.0001
10.06.2016 08:01:33.238 GMT+0100,6202.26,6201.5,0,0.0001
10.06.2016 08:01:33.289 GMT+0100,6202.26,6201.4,0,0.0001
10.06.2016 08:01:34.291 GMT+0100,6202.26,6201.5,0,0.0001
10.06.2016 08:01:34.341 GMT+0100,6202.46,6201.5,0,0.0001
10.06.2016 08:01:34.427 GMT+0100,6202.46,6202.253,0,0.0003
10.06.2016 08:01:34.628 GMT+0100,6202.46,6201.5,0,0.0001
10.06.2016 08:01:34.778 GMT+0100,6202.55,6201.55,0,0.0009
10.06.2016 08:01:35.145 GMT+0100,6202.55,6201.55,0,0.0009
10.06.2016 08:01:35.517 GMT+0100,6202.6,6202.5,0,0.0003
10.06.2016 08:01:35.578 GMT+0100,6202.28,6201.5,0,0.0001
10.06.2016 08:01:35.658 GMT+0100,6202.55,6201.55,0,0.0009
10.06.2016 08:01:36.161 GMT+0100,6202.55,6201.55,0,0.0009
10.06.2016 08:01:36.479 GMT+0100,6201.87,6201.4,0,0.0001
10.06.2016 08:01:36.797 GMT+0100,6201.87,6201.3,0,0.0001
10.06.2016 08:01:37.089 GMT+0100,6202.09,6201.3,0,0.0001
10.06.2016 08:01:37.908 GMT+0100,6201.9,6201.3,0,0.0001
10.06.2016 08:01:37.965 GMT+0100,6201.9,6200.9,0,0.0013
10.06.2016 08:01:38.568 GMT+0100,6201.9,6201,0,0.0001
10.06.2016 08:01:39.296 GMT+0100,6201.9,6201.5,0,0.0001
10.06.2016 08:01:39.347 GMT+0100,6202.69,6201.69,0,0.0009
10.06.2016 08:01:39.440 GMT+0100,6202.69,6202.397,0,0.0003
10.06.2016 08:01:40.443 GMT+0100,6202.51,6202.27,0,0.0003
10.06.2016 08:01:40.719 GMT+0100,6202.09,6201.5,0,0.0001
10.06.2016 08:01:40.776 GMT+0100,6202.09,6201.3,0,0.0001
10.06.2016 08:01:40.938 GMT+0100,6202.17,6201.3,0,0.0001
10.06.2016 08:01:41.378 GMT+0100,6202.14,6201.3,0,0.0001
10.06.2016 08:01:41.778 GMT+0100,6202.14,6201.2,0,0.0001
10.06.2016 08:01:41.947 GMT+0100,6202.14,6201.947,0,0.0003
10.06.2016 08:01:42.038 GMT+0100,6201.99,6201.2,0,0.0001
10.06.2016 08:01:42.332 GMT+0100,6201.99,6201,0,0.0001
10.06.2016 08:01:42.383 GMT+0100,6202.09,6201.863,0,0.0003
10.06.2016 08:01:42.556 GMT+0100,6202.09,6201.09,0,0.0009
10.06.2016 08:01:42.607 GMT+0100,6202.05,6201.05,0,0.0009
10.06.2016 08:01:43.089 GMT+0100,6202.15,6201.15,0,0.0009
10.06.2016 08:01:43.139 GMT+0100,6202.19,6201.19,0,0.0009
10.06.2016 08:01:43.488 GMT+0100,6202.23,6201.23,0,0.0009
10.06.2016 08:01:43.928 GMT+0100,6202.2,6201.2,0,0.0009
10.06.2016 08:01:44.478 GMT+0100,6202.15,6201.15,0,0.0009
10.06.2016 08:01:44.612 GMT+0100,6202.16,6201.16,0,0.0009
10.06.2016 08:01:45.088 GMT+0100,6202.68,6201.68,0,0.0009
10.06.2016 08:01:45.138 GMT+0100,6202.65,6201.65,0,0.0009
10.06.2016 08:01:46.458 GMT+0100,6202.68,6201.68,0,0.0009
10.06.2016 08:01:46.765 GMT+0100,6202.68,6202.393,0,0.0003
10.06.2016 08:01:47.609 GMT+0100,6202.86,6201.86,0,0.0009
10.06.2016 08:01:47.668 GMT+0100,6202.9,6202.8,0,0.0003
10.06.2016 08:01:47.939 GMT+0100,6202.91,6202.8,0,0.0003
10.06.2016 08:01:48.573 GMT+0100,6202.91,6202.5,0,0.0003
10.06.2016 08:01:48.894 GMT+0100,6202.43,6201.6,0,0.0001
10.06.2016 08:01:49.472 GMT+0100,6202.45,6201.45,0,0.0009
10.06.2016 08:01:49.574 GMT+0100,6202.07,6201.2,0,0.0001
10.06.2016 08:01:49.625 GMT+0100,6202.07,6201.8,0,0.0003
10.06.2016 08:01:49.868 GMT+0100,6201.76,6201.2,0,0.0001
10.06.2016 08:01:49.919 GMT+0100,6201.76,6201,0,0.0001
10.06.2016 08:01:50.088 GMT+0100,6202.08,6201.08,0,0.0009
10.06.2016 08:01:50.304 GMT+0100,6202.08,6201.08,0,0.0009
10.06.2016 08:01:50.639 GMT+0100,6202.06,6201.06,0.0005,0.0002
10.06.2016 08:01:50.748 GMT+0100,6201.17,6200.923,0,0.0003
10.06.2016 08:01:50.805 GMT+0100,6201.17,6200.89,0,0.0003
10.06.2016 08:01:50.881 GMT+0100,6201.17,6200.17,0,0.0009
10.06.2016 08:01:51.277 GMT+0100,6201.21,6200.21,0,0.0009
10.06.2016 08:01:51.329 GMT+0100,6201.21,6200.3,0,0.0001
10.06.2016 08:01:51.518 GMT+0100,6201.11,6200.3,0,0.0001
10.06.2016 08:01:51.807 GMT+0100,6201.37,6200.37,0,0.0009
10.06.2016 08:01:51.884 GMT+0100,6201.4,6201.157,0,0.0003
10.06.2016 08:01:52.285 GMT+0100,6201.46,6200.46,0,0.0009
10.06.2016 08:01:52.335 GMT+0100,6201.48,6200.7,0,0.0001
10.06.2016 08:01:52.619 GMT+0100,6201.56,6200.7,0,0.0001
10.06.2016 08:01:52.919 GMT+0100,6201.56,6200.8,0,0.0001
10.06.2016 08:01:53.313 GMT+0100,6202.11,6201.11,0,0.0009
10.06.2016 08:01:53.388 GMT+0100,6202.05,6201.05,0,0.0009
10.06.2016 08:01:53.718 GMT+0100,6202.03,6201.03,0,0.0009
10.06.2016 08:01:54.263 GMT+0100,6202.02,6201.02,0,0.0009
10.06.2016 08:01:54.325 GMT+0100,6202.05,6201.05,0,0.0009
10.06.2016 08:01:54.488 GMT+0100,6202.02,6201.02,0,0.0009
10.06.2016 08:01:54.539 GMT+0100,6202.02,6201.773,0,0.0003
10.06.2016 08:01:55.945 GMT+0100,6201.95,6201,0,0.0001
10.06.2016 08:01:55.995 GMT+0100,6201.96,6201.753,0,0.0003
10.06.2016 08:01:56.139 GMT+0100,6201.99,6201.763,0,0.0003
10.06.2016 08:01:56.578 GMT+0100,6201.92,6201.74,0,0.0003
10.06.2016 08:01:57.197 GMT+0100,6201.92,6201.8,0,0.0003
10.06.2016 08:01:57.248 GMT+0100,6201.56,6201.42,0,0.0003
10.06.2016 08:01:57.397 GMT+0100,6201.56,6200.7,0,0.0001
10.06.2016 08:01:57.568 GMT+0100,6201.6,6200.7,0,0.0001
10.06.2016 08:01:57.698 GMT+0100,6201.6,6201.433,0,0.0003
10.06.2016 08:01:57.788 GMT+0100,6201.61,6201.437,0,0.0003
10.06.2016 08:01:58.374 GMT+0100,6201.64,6201.447,0,0.0003
10.06.2016 08:01:58.425 GMT+0100,6201.64,6201.3,0,0.0003
10.06.2016 08:01:58.502 GMT+0100,6201.64,6200.64,0,0.0009
10.06.2016 08:01:58.558 GMT+0100,6201.44,6200.5,0,0.0001
10.06.2016 08:01:58.753 GMT+0100,6201.44,6200.8,0,0.0001
10.06.2016 08:01:58.803 GMT+0100,6201.97,6200.97,0,0.0009
10.06.2016 08:01:59.024 GMT+0100,6201.87,6200.87,0,0.0009
10.06.2016 08:01:59.371 GMT+0100,6201.79,6200.8,0,0.0001
10.06.2016 08:01:59.659 GMT+0100,6201.74,6200.8,0,0.0001
10.06.2016 08:02:00.356 GMT+0100,6201.59,6200.8,0,0.0001
10.06.2016 08:02:00.729 GMT+0100,6201.22,6200.8,0,0.0001
10.06.2016 08:02:00.880 GMT+0100,6200.1,6199.3,0,0.0001
10.06.2016 08:02:01.198 GMT+0100,6200.62,6199.62,0,0.0009
10.06.2016 08:02:01.249 GMT+0100,6200.62,6199.62,0,0.0009
10.06.2016 08:02:01.410 GMT+0100,6200.62,6200.373,0,0.0003
10.06.2016 08:02:01.710 GMT+0100,6200.673,6200.5,0,0.0003
10.06.2016 08:02:01.841 GMT+0100,6201.42,6201,0,0.0003
10.06.2016 08:02:02.049 GMT+0100,6201.42,6201,0,0.0003
10.06.2016 08:02:02.348 GMT+0100,6201.17,6200.8,0,0.0003
10.06.2016 08:02:03.031 GMT+0100,6200.95,6200.75,0,0.0003
10.06.2016 08:02:03.247 GMT+0100,6200.89,6200,0,0.0001
10.06.2016 08:02:03.449 GMT+0100,6200.9,6200.73,0,0.0003
10.06.2016 08:02:03.839 GMT+0100,6201.06,6200.753,0,0.0003
10.06.2016 08:02:04.252 GMT+0100,6200.91,6200.737,0,0.0003
10.06.2016 08:02:04.349 GMT+0100,6200.91,6200,0,0.0001
10.06.2016 08:02:04.498 GMT+0100,6200.92,6200,0,0.0001
10.06.2016 08:02:04.850 GMT+0100,6200.92,6200.74,0,0.0003
10.06.2016 08:02:04.938 GMT+0100,6201.1,6200.8,0,0.0003
10.06.2016 08:02:05.223 GMT+0100,6201.1,6200.833,0,0.0003
10.06.2016 08:02:05.351 GMT+0100,6201.08,6200.76,0,0.0003
10.06.2016 08:02:05.708 GMT+0100,6200.88,6200.693,0,0.0003
10.06.2016 08:02:05.759 GMT+0100,6200.88,6200,0,0.0001
10.06.2016 08:02:05.819 GMT+0100,6200.91,6200,0,0.0001
10.06.2016 08:02:06.038 GMT+0100,6201.1,6200.1,0,0.0009
10.06.2016 08:02:06.354 GMT+0100,6201.1,6200.867,0,0.0003
10.06.2016 08:02:06.847 GMT+0100,6200.74,6200.48,0,0.0003
10.06.2016 08:02:06.918 GMT+0100,6200.66,6200.453,0,0.0003
10.06.2016 08:02:07.138 GMT+0100,6200.37,6199.7,0,0.0001
10.06.2016 08:02:07.540 GMT+0100,6200.37,6199.37,0,0.0009
10.06.2016 08:02:07.591 GMT+0100,6200.4,6200.3,0,0.0003
10.06.2016 08:02:07.688 GMT+0100,6200.09,6199.2,0,0.0001
10.06.2016 08:02:07.963 GMT+0100,6200.09,6199.09,0,0.0009
10.06.2016 08:02:08.458 GMT+0100,6199.9,6199.7,0,0.0003
10.06.2016 08:02:08.846 GMT+0100,6199.6,6199.5,0,0.0003
10.06.2016 08:02:08.968 GMT+0100,6199.61,6199.37,0,0.0003
10.06.2016 08:02:10.166 GMT+0100,6199.76,6198.76,0,0.0009
10.06.2016 08:02:10.228 GMT+0100,6199.87,6198.87,0,0.0009
10.06.2016 08:02:10.417 GMT+0100,6199.87,6198.87,0,0.0009
10.06.2016 08:02:10.468 GMT+0100,6200.12,6199.12,0,0.0009
10.06.2016 08:02:10.668 GMT+0100,6200.08,6199.08,0,0.0009
10.06.2016 08:02:10.876 GMT+0100,6200.08,6199.1,0,0.0001
10.06.2016 08:02:10.998 GMT+0100,6200.06,6199.1,0,0.0001
10.06.2016 08:02:11.666 GMT+0100,6200.09,6199.2,0,0.0001
10.06.2016 08:02:12.208 GMT+0100,6200.42,6199.42,0,0.0009
10.06.2016 08:02:12.318 GMT+0100,6200.35,6199.35,0,0.0009
10.06.2016 08:02:12.473 GMT+0100,6200.4,6200.3,0,0.0003
10.06.2016 08:02:12.538 GMT+0100,6200.26,6199.26,0,0.0009
10.06.2016 08:02:12.814 GMT+0100,6200.26,6199.3,0,0.0001
10.06.2016 08:02:12.869 GMT+0100,6200.29,6199.3,0,0.0001
10.06.2016 08:02:13.088 GMT+0100,6200.34,6199.34,0,0.0009
10.06.2016 08:02:13.748 GMT+0100,6200.37,6199.37,0,0.0009
10.06.2016 08:02:14.188 GMT+0100,6200.49,6199.49,0,0.0009
10.06.2016 08:02:14.298 GMT+0100,6200.48,6199.48,0,0.0009
10.06.2016 08:02:14.518 GMT+0100,6200.44,6199.44,0,0.0009
10.06.2016 08:02:14.848 GMT+0100,6200.43,6199.43,0,0.0009
10.06.2016 08:02:15.187 GMT+0100,6200.32,6199.32,0,0.0009
10.06.2016 08:02:15.618 GMT+0100,6200.35,6199.35,0,0.0009
10.06.2016 08:02:15.948 GMT+0100,6200.39,6199.39,0,0.0009
10.06.2016 08:02:16.278 GMT+0100,6200.28,6199.3,0,0.0001
10.06.2016 08:02:16.328 GMT+0100,6200.28,6200,0,0.0003
10.06.2016 08:02:16.496 GMT+0100,6200.28,6199.3,0,0.0001
10.06.2016 08:02:16.738 GMT+0100,6199.87,6199,0,0.0001
10.06.2016 08:02:16.829 GMT+0100,6200.04,6199.04,0,0.0009
10.06.2016 08:02:17.048 GMT+0100,6200.09,6199.09,0,0.0009
10.06.2016 08:02:17.268 GMT+0100,6199.99,6199,0,0.0001
10.06.2016 08:02:17.488 GMT+0100,6200.08,6199.08,0,0.0009
10.06.2016 08:02:17.771 GMT+0100,6200.08,6199.1,0,0.0001
10.06.2016 08:02:17.821 GMT+0100,6200.14,6199.14,0,0.0009
10.06.2016 08:02:18.204 GMT+0100,6200.14,6199.14,0,0.0009
10.06.2016 08:02:19.016 GMT+0100,6200.14,6199.88,0,0.0003
10.06.2016 08:02:19.305 GMT+0100,6200.06,6199.753,0,0.0003
10.06.2016 08:02:19.358 GMT+0100,6199.85,6199.683,0,0.0003
10.06.2016 08:02:19.578 GMT+0100,6199.63,6198.9,0,0.0001
10.06.2016 08:02:19.709 GMT+0100,6199.63,6199,0,0.0001
10.06.2016 08:02:20.124 GMT+0100,6199.63,6199.3,0,0.0003
10.06.2016 08:02:20.174 GMT+0100,6199.64,6199.3,0,0.0003
10.06.2016 08:02:20.225 GMT+0100,6199.64,6199.3,0,0.0003
10.06.2016 08:02:20.326 GMT+0100,6199.5,6198.5,0,0.0002
10.06.2016 08:02:20.458 GMT+0100,6199.46,6198.5,0,0.0001
10.06.2016 08:02:20.898 GMT+0100,6199.58,6198.58,0,0.0002
10.06.2016 08:02:21.558 GMT+0100,6199.5,6198.5,0,0.0002
10.06.2016 08:02:21.760 GMT+0100,6199.5,6198.5,0,0.0002
10.06.2016 08:02:21.810 GMT+0100,6199.39,6198.4,0,0.0001
10.06.2016 08:02:22.282 GMT+0100,6199.34,6198.5,0,0.0001
10.06.2016 08:02:22.333 GMT+0100,6199.39,6198.5,0,0.0001
10.06.2016 08:02:22.411 GMT+0100,6199.4,6199.23,0,0.0003
10.06.2016 08:02:22.621 GMT+0100,6199.39,6198.5,0,0.0001
10.06.2016 08:02:22.671 GMT+0100,6199.37,6198.5,0,0.0001
10.06.2016 08:02:22.722 GMT+0100,6199.37,6198.4,0,0.0001
10.06.2016 08:02:22.878 GMT+0100,6199.41,6198.41,0,0.0009
10.06.2016 08:02:23.098 GMT+0100,6199.45,6198.45,0,0.0009
10.06.2016 08:02:23.539 GMT+0100,6199.45,6198.6,0,0.0001
10.06.2016 08:02:23.648 GMT+0100,6199.62,6198.62,0,0.0009
10.06.2016 08:02:24.026 GMT+0100,6199.7,6198.7,0,0.0009
10.06.2016 08:02:24.358 GMT+0100,6200.49,6199.49,0,0.0009
10.06.2016 08:02:24.826 GMT+0100,6200.49,6199.5,0,0.0001
10.06.2016 08:02:24.968 GMT+0100,6200.57,6199.57,0,0.0009
10.06.2016 08:02:25.298 GMT+0100,6201.04,6200.04,0,0.0009
10.06.2016 08:02:25.348 GMT+0100,6201.04,6200.04,0,0.0009
10.06.2016 08:02:25.420 GMT+0100,6201.04,6200.713,0,0.0003
10.06.2016 08:02:26.021 GMT+0100,6201.1,6201,0,0.0003
10.06.2016 08:02:26.332 GMT+0100,6201.04,6200.94,0,0.0003
10.06.2016 08:02:26.448 GMT+0100,6201,6200.8,0,0.0003
10.06.2016 08:02:26.618 GMT+0100,6200.7,6199.7,0,0.0009
10.06.2016 08:02:27.361 GMT+0100,6200.7,6199.8,0,0.0001
10.06.2016 08:02:27.739 GMT+0100,6200.7,6200.467,0,0.0003
10.06.2016 08:02:27.927 GMT+0100,6200.68,6200,0,0.0003
10.06.2016 08:02:28.460 GMT+0100,6200.68,6200,0,0.0003
10.06.2016 08:02:28.741 GMT+0100,6200.68,6200,0,0.0003
10.06.2016 08:02:28.830 GMT+0100,6200.68,6200.26,0,0.0003
10.06.2016 08:02:29.621 GMT+0100,6200.23,6199.3,0,0.0001
10.06.2016 08:02:29.838 GMT+0100,6200.2,6199.3,0,0.0001
10.06.2016 08:02:30.278 GMT+0100,6200.31,6199.31,0,0.0009
10.06.2016 08:02:30.436 GMT+0100,6200.4,6200.137,0,0.0003
10.06.2016 08:02:30.499 GMT+0100,6200.29,6199.3,0,0.0001
10.06.2016 08:02:31.010 GMT+0100,6200.25,6199.25,0,0.0009
10.06.2016 08:02:31.338 GMT+0100,6200.24,6199.8,0,0.0003
10.06.2016 08:02:32.026 GMT+0100,6199.59,6199,0,0.0001
10.06.2016 08:02:32.077 GMT+0100,6199.58,6199,0,0.0001
10.06.2016 08:02:32.148 GMT+0100,6199.6,6199,0,0.0001
10.06.2016 08:02:32.478 GMT+0100,6199.59,6199,0,0.0001
10.06.2016 08:02:32.808 GMT+0100,6199.6,6199,0,0.0001
10.06.2016 08:02:33.282 GMT+0100,6199.99,6199,0,0.0001
10.06.2016 08:02:33.688 GMT+0100,6199.96,6199,0,0.0001
10.06.2016 08:02:34.577 GMT+0100,6199.92,6199.74,0,0.0003
10.06.2016 08:02:34.628 GMT+0100,6199.79,6199,0,0.0001
10.06.2016 08:02:35.007 GMT+0100,6199.6,6199,0,0.0001
10.06.2016 08:02:35.064 GMT+0100,6199.6,6198.7,0,0.0001
10.06.2016 08:02:35.147 GMT+0100,6199.6,6199.433,0,0.0003
10.06.2016 08:02:35.558 GMT+0100,6199.64,6199.447,0,0.0003
10.06.2016 08:02:36.116 GMT+0100,6199.37,6199.27,0,0.0003
10.06.2016 08:02:36.167 GMT+0100,6199.37,6199,0,0.0003
10.06.2016 08:02:36.328 GMT+0100,6199.16,6199,0,0.0003
10.06.2016 08:02:36.378 GMT+0100,6199.16,6198.8,0,0.0003
10.06.2016 08:02:36.453 GMT+0100,6199.16,6199,0,0.0003
10.06.2016 08:02:36.654 GMT+0100,6199,6198.5,0,0.0001
10.06.2016 08:02:36.768 GMT+0100,6199.08,6198.1,0,0.0001
10.06.2016 08:02:37.225 GMT+0100,6199.24,6198.24,0,0.0009
10.06.2016 08:02:37.538 GMT+0100,6199.2,6198.2,0,0.0009
10.06.2016 08:02:37.649 GMT+0100,6199.09,6198.1,0,0.0001
10.06.2016 08:02:38.108 GMT+0100,6199.2,6198.2,0,0.0009
10.06.2016 08:02:38.577 GMT+0100,6199.43,6198.43,0,0.0009
10.06.2016 08:02:38.628 GMT+0100,6199.43,6198.43,0,0.0009
10.06.2016 08:02:38.897 GMT+0100,6199.44,6198.44,0,0.0009
10.06.2016 08:02:39.527 GMT+0100,6199.42,6198.42,0,0.0009
10.06.2016 08:02:39.962 GMT+0100,6199.42,6199.173,0,0.0003
10.06.2016 08:02:40.298 GMT+0100,6199.14,6198.3,0,0.0001
10.06.2016 08:02:40.628 GMT+0100,6199.11,6198.3,0,0.0001
10.06.2016 08:02:41.045 GMT+0100,6198.84,6198.68,0,0.0003
10.06.2016 08:02:41.096 GMT+0100,6198.84,6197.9,0,0.0001
10.06.2016 08:02:41.178 GMT+0100,6199.01,6198.01,0,0.0009
10.06.2016 08:02:41.286 GMT+0100,6199.01,6198.1,0,0.0001
10.06.2016 08:02:41.508 GMT+0100,6199.19,6198.19,0,0.0009
10.06.2016 08:02:41.838 GMT+0100,6199.23,6198.23,0,0.0009
10.06.2016 08:02:42.308 GMT+0100,6199.18,6198.8,0,0.0003
10.06.2016 08:02:42.368 GMT+0100,6199.18,6198.2,0,0.0001
10.06.2016 08:02:42.418 GMT+0100,6198.59,6198.2,0,0.0001
10.06.2016 08:02:42.618 GMT+0100,6199.4,6198.4,0,0.0009
10.06.2016 08:02:42.791 GMT+0100,6199.4,6198.5,0,0.0001
10.06.2016 08:02:42.842 GMT+0100,6199.51,6198.51,0,0.0009
10.06.2016 08:02:43.378 GMT+0100,6199.47,6198.5,0,0.0001
10.06.2016 08:02:43.963 GMT+0100,6199.49,6198.5,0,0.0001
10.06.2016 08:02:44.038 GMT+0100,6199.61,6198.61,0,0.0009
10.06.2016 08:02:44.477 GMT+0100,6199.58,6198.58,0,0.0009
10.06.2016 08:02:44.698 GMT+0100,6199.55,6198.55,0,0.0009
10.06.2016 08:02:46.179 GMT+0100,6199.55,6198.8,0,0.0003
10.06.2016 08:02:46.568 GMT+0100,6198.91,6198.8,0,0.0003
10.06.2016 08:02:46.618 GMT+0100,6198.91,6198.5,0,0.0003
10.06.2016 08:02:46.741 GMT+0100,6198.91,6198.5,0,0.0003
10.06.2016 08:02:46.792 GMT+0100,6198.49,6197.7,0,0.0001
10.06.2016 08:02:46.878 GMT+0100,6198.49,6198.3,0,0.0003
10.06.2016 08:02:47.009 GMT+0100,6198.21,6197.7,0,0.0001
10.06.2016 08:02:47.079 GMT+0100,6198.21,6198,0,0.0003
10.06.2016 08:02:47.402 GMT+0100,6197.99,6197.7,0,0.0001
10.06.2016 08:02:47.558 GMT+0100,6198.72,6197.72,0,0.0009
10.06.2016 08:02:47.834 GMT+0100,6198.7,6197.7,0,0.0009
10.06.2016 08:02:47.885 GMT+0100,6198.7,6197.7,0,0.0009
10.06.2016 08:02:47.998 GMT+0100,6198.65,6197.65,0,0.0009
10.06.2016 08:02:48.327 GMT+0100,6198.64,6197.64,0,0.0009
10.06.2016 08:02:48.547 GMT+0100,6198.79,6197.79,0,0.0009
10.06.2016 08:02:49.046 GMT+0100,6199.29,6198.29,0,0.0009
10.06.2016 08:02:49.139 GMT+0100,6199.29,6198.3,0,0.0001
10.06.2016 08:02:49.428 GMT+0100,6199.28,6198.3,0,0.0001
10.06.2016 08:02:49.890 GMT+0100,6199.4,6199.143,0,0.0003
10.06.2016 08:02:50.380 GMT+0100,6199.32,6199.22,0,0.0003
10.06.2016 08:02:50.451 GMT+0100,6199.24,6198.24,0,0.0009
10.06.2016 08:02:50.592 GMT+0100,6199.24,6198.98,0,0.0003
10.06.2016 08:02:50.967 GMT+0100,6199.05,6198.917,0,0.0003
10.06.2016 08:02:51.517 GMT+0100,6199.02,6198.907,0,0.0003
10.06.2016 08:02:52.021 GMT+0100,6199.04,6198.913,0,0.0003
10.06.2016 08:02:52.178 GMT+0100,6199.02,6198.907,0,0.0003
10.06.2016 08:02:52.508 GMT+0100,6198.96,6198.2,0,0.0001
10.06.2016 08:02:52.727 GMT+0100,6199.02,6198.2,0,0.0001
10.06.2016 08:02:52.778 GMT+0100,6199.02,6198.3,0,0.0001
10.06.2016 08:02:53.058 GMT+0100,6199.07,6198.3,0,0.0001
10.06.2016 08:02:53.383 GMT+0100,6199.07,6198.4,0,0.0001
10.06.2016 08:02:53.498 GMT+0100,6199.16,6198.4,0,0.0001
10.06.2016 08:02:53.827 GMT+0100,6199.17,6198.4,0,0.0001
10.06.2016 08:02:55.038 GMT+0100,6199.14,6198.4,0,0.0001
10.06.2016 08:02:56.015 GMT+0100,6199.15,6198.4,0,0.0001
10.06.2016 08:02:56.138 GMT+0100,6199.13,6198.4,0,0.0001
10.06.2016 08:02:56.908 GMT+0100,6199.14,6198.4,0,0.0001
10.06.2016 08:02:57.309 GMT+0100,6199.16,6198.4,0,0.0001
10.06.2016 08:02:57.485 GMT+0100,6199.16,6198.2,0,0.0001
10.06.2016 08:02:57.705 GMT+0100,6199.16,6198.5,0,0.0003
10.06.2016 08:02:58.117 GMT+0100,6198.62,6198.44,0,0.0003
10.06.2016 08:02:58.338 GMT+0100,6198.64,6198.447,0,0.0003
10.06.2016 08:02:58.620 GMT+0100,6198.64,6198.413,0,0.0003
10.06.2016 08:02:58.671 GMT+0100,6198.79,6197.79,0,0.0009
10.06.2016 08:02:59.218 GMT+0100,6198.77,6197.77,0,0.0009
10.06.2016 08:03:00.494 GMT+0100,6198.77,6197.77,0,0.0009
10.06.2016 08:03:00.647 GMT+0100,6198.7,6197.7,0,0.0009
10.06.2016 08:03:00.715 GMT+0100,6198.7,6198.4,0,0.0003
10.06.2016 08:03:01.316 GMT+0100,6198.54,6198.28,0,0.0003
10.06.2016 08:03:01.498 GMT+0100,6198.5,6198.233,0,0.0003
10.06.2016 08:03:01.748 GMT+0100,6198.46,6197.46,0,0.0009
10.06.2016 08:03:01.818 GMT+0100,6198.46,6198.22,0,0.0003
10.06.2016 08:03:02.517 GMT+0100,6198.46,6197.46,0,0.0009
10.06.2016 08:03:02.602 GMT+0100,6198.46,6197.5,0,0.0001
10.06.2016 08:03:02.737 GMT+0100,6198.44,6197.5,0,0.0001
10.06.2016 08:03:03.067 GMT+0100,6198.4,6198.233,0,0.0003
10.06.2016 08:03:03.732 GMT+0100,6198.39,6198.23,0,0.0003
10.06.2016 08:03:03.783 GMT+0100,6198.41,6198.237,0,0.0003
10.06.2016 08:03:03.947 GMT+0100,6198.23,6197.5,0,0.0001
10.06.2016 08:03:04.207 GMT+0100,6198.23,6197.3,0,0.0001
10.06.2016 08:03:04.387 GMT+0100,6198.18,6197.3,0,0.0001
10.06.2016 08:03:04.710 GMT+0100,6198.08,6197.08,0,0.0009
10.06.2016 08:03:05.038 GMT+0100,6198.15,6198,0,0.0003
10.06.2016 08:03:05.157 GMT+0100,6197.95,6196.95,0,0.0009
10.06.2016 08:03:05.210 GMT+0100,6197.95,6197,0,0.0001
10.06.2016 08:03:05.487 GMT+0100,6197.96,6197,0,0.0001
10.06.2016 08:03:05.708 GMT+0100,6197.99,6197,0,0.0001
10.06.2016 08:03:06.292 GMT+0100,6198.06,6197.06,0,0.0009
10.06.2016 08:03:06.808 GMT+0100,6197.87,6197.723,0,0.0003
10.06.2016 08:03:07.138 GMT+0100,6197.66,6197,0,0.0001
10.06.2016 08:03:07.357 GMT+0100,6197.62,6197,0,0.0001
10.06.2016 08:03:07.940 GMT+0100,6197.65,6197,0,0.0001
10.06.2016 08:03:07.991 GMT+0100,6197.64,6197,0,0.0001
10.06.2016 08:03:08.127 GMT+0100,6197.68,6197,0,0.0001
10.06.2016 08:03:08.457 GMT+0100,6197.7,6197,0,0.0001
10.06.2016 08:03:08.681 GMT+0100,6198.13,6197.13,0,0.0009
10.06.2016 08:03:09.027 GMT+0100,6198.2,6197.2,0,0.0009
10.06.2016 08:03:10.470 GMT+0100,6198.29,6197.29,0,0.0009
10.06.2016 08:03:11.537 GMT+0100,6198.34,6197.34,0,0.0009
10.06.2016 08:03:12.016 GMT+0100,6198.57,6197.57,0,0.0009
10.06.2016 08:03:12.527 GMT+0100,6198.68,6197.68,0,0.0009
10.06.2016 08:03:12.578 GMT+0100,6198.68,6197.68,0,0.0009
10.06.2016 08:03:12.967 GMT+0100,6198.66,6197.66,0,0.0009
10.06.2016 08:03:13.444 GMT+0100,6198.66,6198.3,0,0.0003
10.06.2016 08:03:13.737 GMT+0100,6198.07,6197.5,0,0.0001
10.06.2016 08:03:13.788 GMT+0100,6198.07,6197.2,0,0.0001
10.06.2016 08:03:13.845 GMT+0100,6198.1,6197.923,0,0.0003
10.06.2016 08:03:13.957 GMT+0100,6197.88,6197.2,0,0.0001
10.06.2016 08:03:14.045 GMT+0100,6197.9,6197.793,0,0.0003
10.06.2016 08:03:14.394 GMT+0100,6197.75,6197.2,0,0.0001
10.06.2016 08:03:14.445 GMT+0100,6197.75,6197,0,0.0001
10.06.2016 08:03:14.728 GMT+0100,6197.69,6197,0,0.0001
10.06.2016 08:03:15.147 GMT+0100,6197.66,6196.66,0,0.0009
10.06.2016 08:03:15.398 GMT+0100,6197.6,6196.6,0,0.0009
10.06.2016 08:03:16.012 GMT+0100,6197.63,6196.63,0,0.0009
10.06.2016 08:03:16.350 GMT+0100,6197.56,6196.7,0,0.0001
10.06.2016 08:03:16.400 GMT+0100,6197.58,6196.7,0,0.0001
10.06.2016 08:03:16.658 GMT+0100,6197.58,6196.8,0,0.0001
10.06.2016 08:03:16.709 GMT+0100,6197.63,6196.8,0,0.0001
10.06.2016 08:03:17.038 GMT+0100,6197.57,6196.8,0,0.0001
10.06.2016 08:03:17.349 GMT+0100,6197.57,6196.57,0,0.0009
10.06.2016 08:03:17.400 GMT+0100,6197.82,6197.3,0,0.0003
10.06.2016 08:03:18.247 GMT+0100,6197.34,6197.18,0,0.0003
10.06.2016 08:03:18.467 GMT+0100,6197.35,6197.183,0,0.0003
10.06.2016 08:03:19.425 GMT+0100,6197.34,6197.18,0,0.0003
10.06.2016 08:03:20.393 GMT+0100,6197.34,6196.4,0,0.0001
10.06.2016 08:03:20.448 GMT+0100,6197.32,6196.4,0,0.0001
10.06.2016 08:03:20.763 GMT+0100,6197.88,6196.88,0,0.0009
10.06.2016 08:03:21.160 GMT+0100,6198.14,6197.5,0,0.0003
10.06.2016 08:03:21.261 GMT+0100,6197.79,6196.79,0,0.0009
10.06.2016 08:03:21.548 GMT+0100,6197.81,6196.81,0,0.0009
10.06.2016 08:03:21.894 GMT+0100,6198.14,6197.14,0,0.0009
10.06.2016 08:03:22.317 GMT+0100,6198.16,6197.16,0,0.0009
10.06.2016 08:03:22.647 GMT+0100,6198.15,6197.15,0,0.0009
10.06.2016 08:03:23.294 GMT+0100,6198.17,6197.17,0,0.0009
10.06.2016 08:03:23.747 GMT+0100,6198.2,6197.2,0,0.0009
10.06.2016 08:03:24.077 GMT+0100,6198.07,6197.89,0,0.0003
10.06.2016 08:03:24.794 GMT+0100,6198.1,6197.857,0,0.0003
10.06.2016 08:03:24.844 GMT+0100,6197.98,6197,0,0.0001
10.06.2016 08:03:25.397 GMT+0100,6198.02,6197.02,0,0.0009
10.06.2016 08:03:25.837 GMT+0100,6197.16,6197,0,0.0001
10.06.2016 08:03:26.170 GMT+0100,6198.12,6197.12,0,0.0009
10.06.2016 08:03:26.387 GMT+0100,6198.11,6197.11,0,0.0009
10.06.2016 08:03:26.827 GMT+0100,6198.09,6197.09,0,0.0009
10.06.2016 08:03:27.047 GMT+0100,6198.12,6197.12,0,0.0009
10.06.2016 08:03:27.487 GMT+0100,6198.23,6197.23,0,0.0009
10.06.2016 08:03:27.965 GMT+0100,6198.26,6197.26,0,0.0009
10.06.2016 08:03:28.367 GMT+0100,6198.29,6197.29,0,0.0009
10.06.2016 08:03:28.587 GMT+0100,6198.26,6197.26,0,0.0009
10.06.2016 08:03:28.923 GMT+0100,6198.17,6197.17,0,0.0009
10.06.2016 08:03:29.137 GMT+0100,6198.18,6197.18,0,0.0009
10.06.2016 08:03:29.797 GMT+0100,6198.2,6197.2,0,0.0009
10.06.2016 08:03:30.127 GMT+0100,6198.17,6197.17,0,0.0009
10.06.2016 08:03:30.457 GMT+0100,6198.22,6197.22,0,0.0009
10.06.2016 08:03:31.337 GMT+0100,6198.15,6197.15,0,0.0009
10.06.2016 08:03:31.558 GMT+0100,6198.14,6197.14,0,0.0009
10.06.2016 08:03:32.610 GMT+0100,6198.17,6197.17,0,0.0009
10.06.2016 08:03:32.877 GMT+0100,6198.13,6197.13,0,0.0009
10.06.2016 08:03:33.097 GMT+0100,6198.12,6197.12,0,0.0009
10.06.2016 08:03:33.952 GMT+0100,6198.07,6197.79,0,0.0003
10.06.2016 08:03:35.136 GMT+0100,6197.86,6197.687,0,0.0003
10.06.2016 08:03:35.627 GMT+0100,6197.79,6196.9,0,0.0001
10.06.2016 08:03:36.067 GMT+0100,6197.66,6196.9,0,0.0001
10.06.2016 08:03:36.337 GMT+0100,6197.47,6196.5,0,0.0001
10.06.2016 08:03:36.507 GMT+0100,6197.48,6196.5,0,0.0001
10.06.2016 08:03:37.058 GMT+0100,6197.35,6196.5,0,0.0001
10.06.2016 08:03:37.607 GMT+0100,6197.55,6196.55,0,0.0009
10.06.2016 08:03:37.691 GMT+0100,6197.55,6197,0,0.0003
10.06.2016 08:03:37.868 GMT+0100,6196.99,6196.1,0,0.0001
10.06.2016 08:03:38.173 GMT+0100,6197.07,6196.1,0,0.0001
10.06.2016 08:03:38.320 GMT+0100,6197.07,6196.2,0,0.0001
10.06.2016 08:03:38.927 GMT+0100,6197.19,6196.2,0,0.0001
10.06.2016 08:03:39.477 GMT+0100,6197.26,6196.26,0,0.0009
10.06.2016 08:03:39.746 GMT+0100,6197.24,6196.24,0,0.0009
10.06.2016 08:03:39.917 GMT+0100,6197.41,6196.41,0,0.0009
10.06.2016 08:03:40.028 GMT+0100,6197.41,6196.41,0,0.0009
10.06.2016 08:03:40.247 GMT+0100,6197.18,6196.4,0,0.0001
10.06.2016 08:03:40.935 GMT+0100,6197.26,6196.4,0,0.0001
10.06.2016 08:03:41.017 GMT+0100,6197.17,6196.4,0,0.0001
10.06.2016 08:03:41.349 GMT+0100,6196.87,6196.69,0,0.0003
10.06.2016 08:03:41.567 GMT+0100,6196.75,6195.9,0,0.0001
10.06.2016 08:03:41.897 GMT+0100,6196.74,6195.9,0,0.0001
10.06.2016 08:03:42.564 GMT+0100,6196.7,6195.9,0,0.0001
10.06.2016 08:03:42.997 GMT+0100,6196.63,6195.9,0,0.0001
10.06.2016 08:03:43.437 GMT+0100,6196.69,6195.9,0,0.0001
10.06.2016 08:03:44.867 GMT+0100,6196.89,6195.9,0,0.0001
10.06.2016 08:03:45.087 GMT+0100,6196.86,6195.9,0,0.0001
10.06.2016 08:03:45.544 GMT+0100,6196.87,6195.9,0,0.0001
10.06.2016 08:03:45.595 GMT+0100,6196.87,6196,0,0.0001
10.06.2016 08:03:45.645 GMT+0100,6196.95,6196,0,0.0001
10.06.2016 08:03:46.187 GMT+0100,6196.94,6196,0,0.0001
10.06.2016 08:03:46.627 GMT+0100,6197.06,6196.06,0,0.0009
10.06.2016 08:03:46.850 GMT+0100,6196.98,6196,0,0.0001
10.06.2016 08:03:47.011 GMT+0100,6196.98,6196.76,0,0.0003
10.06.2016 08:03:47.318 GMT+0100,6196.97,6196,0.0007,0.0001
10.06.2016 08:03:47.397 GMT+0100,6195.66,6194.18,0,0.0013
10.06.2016 08:03:47.811 GMT+0100,6195.18,6194.3,0,0.0001
10.06.2016 08:03:48.158 GMT+0100,6195.29,6194.8,0,0.0003
10.06.2016 08:03:48.208 GMT+0100,6194.7,6194,0,0.0001
10.06.2016 08:03:48.387 GMT+0100,6194.64,6194,0,0.0001
10.06.2016 08:03:48.661 GMT+0100,6194.64,6193.9,0,0.0001
10.06.2016 08:03:49.209 GMT+0100,6194.89,6193.9,0,0.0001
10.06.2016 08:03:49.424 GMT+0100,6194.9,6194.697,0,0.0003
10.06.2016 08:03:49.768 GMT+0100,6194.95,6194.683,0,0.0003
10.06.2016 08:03:49.926 GMT+0100,6194.95,6194.5,0,0.0003
10.06.2016 08:03:49.977 GMT+0100,6194.6,6194.467,0,0.0003
10.06.2016 08:03:50.128 GMT+0100,6194.6,6193.8,0,0.0001
10.06.2016 08:03:50.367 GMT+0100,6194.59,6193.8,0,0.0001
10.06.2016 08:03:50.617 GMT+0100,6194.62,6193.8,0,0.0001
10.06.2016 08:03:51.137 GMT+0100,6194.6,6193.8,0,0.0001
10.06.2016 08:03:51.953 GMT+0100,6194.65,6193.8,0,0.0001
10.06.2016 08:03:52.127 GMT+0100,6194.72,6193.8,0,0.0001
10.06.2016 08:03:52.640 GMT+0100,6195,6194,0,0.0009
10.06.2016 08:03:52.691 GMT+0100,6194.98,6194,0,0.0001
10.06.2016 08:03:52.833 GMT+0100,6194.98,6194.76,0,0.0003
10.06.2016 08:03:52.947 GMT+0100,6194.96,6194.5,0,0.0003
10.06.2016 08:03:52.997 GMT+0100,6194.96,6194.5,0,0.0003
10.06.2016 08:03:53.227 GMT+0100,6194.61,6193.61,0,0.0009
10.06.2016 08:03:53.622 GMT+0100,6194.61,6194,0,0.0001
10.06.2016 08:03:53.672 GMT+0100,6195.21,6194.21,0,0.0009
10.06.2016 08:03:54.031 GMT+0100,6195.27,6194.27,0,0.0009
10.06.2016 08:03:54.586 GMT+0100,6195.27,6194.8,0,0.0001
10.06.2016 08:03:54.657 GMT+0100,6195.29,6194.8,0,0.0001
10.06.2016 08:03:55.537 GMT+0100,6195.65,6194.8,0,0.0001
10.06.2016 08:03:55.867 GMT+0100,6195.66,6194.8,0,0.0001
10.06.2016 08:03:56.087 GMT+0100,6195.67,6194.8,0,0.0001
10.06.2016 08:03:56.307 GMT+0100,6195.77,6194.8,0,0.0001
10.06.2016 08:03:56.492 GMT+0100,6195.77,6194.77,0,0.0009
10.06.2016 08:03:56.803 GMT+0100,6195.56,6194.7,0,0.0001
10.06.2016 08:03:57.157 GMT+0100,6195.6,6194.8,0,0.0001
10.06.2016 08:03:57.407 GMT+0100,6195.77,6194.8,0,0.0001
10.06.2016 08:03:57.847 GMT+0100,6195.82,6194.82,0,0.0009
10.06.2016 08:03:58.681 GMT+0100,6196.31,6195.31,0,0.0009
10.06.2016 08:03:58.732 GMT+0100,6196.64,6195.64,0,0.0009
10.06.2016 08:03:58.783 GMT+0100,6196.64,6196.413,0,0.0003
10.06.2016 08:03:58.901 GMT+0100,6196.97,6196.5,0,0.0003
10.06.2016 08:03:59.167 GMT+0100,6196.51,6196.403,0,0.0003
10.06.2016 08:03:59.497 GMT+0100,6196.59,6196.463,0,0.0003
10.06.2016 08:03:59.564 GMT+0100,6196.59,6195.8,0,0.0001
10.06.2016 08:03:59.841 GMT+0100,6196.64,6195.8,0,0.0001
10.06.2016 08:03:59.892 GMT+0100,6196.64,6196.3,0,0.0003
10.06.2016 08:04:00.377 GMT+0100,6196.12,6195.5,0,0.0001
10.06.2016 08:04:00.477 GMT+0100,6196.12,6195.94,0,0.0003
10.06.2016 08:04:00.768 GMT+0100,6196.09,6195.2,0,0.0001
10.06.2016 08:04:01.061 GMT+0100,6196.44,6195.44,0,0.0009
10.06.2016 08:04:01.371 GMT+0100,6196.44,6196,0,0.0003
10.06.2016 08:04:01.588 GMT+0100,6195.87,6195,0,0.0001
10.06.2016 08:04:02.139 GMT+0100,6195.91,6195.737,0,0.0003
10.06.2016 08:04:02.487 GMT+0100,6195.66,6194.8,0,0.0001
10.06.2016 08:04:02.919 GMT+0100,6195.66,6194.7,0,0.0001
10.06.2016 08:04:03.017 GMT+0100,6195.61,6194.7,0,0.0001
10.06.2016 08:04:03.422 GMT+0100,6195.59,6195.463,0,0.0003
10.06.2016 08:04:03.727 GMT+0100,6195.61,6195.47,0,0.0003
10.06.2016 08:04:03.827 GMT+0100,6195.94,6194.94,0,0.0009
10.06.2016 08:04:04.080 GMT+0100,6195.94,6195.5,0,0.0003
10.06.2016 08:04:04.280 GMT+0100,6195.79,6194.79,0,0.0009
10.06.2016 08:04:04.766 GMT+0100,6195.79,6194.79,0,0.0009
10.06.2016 08:04:04.887 GMT+0100,6195.49,6194.6,0,0.0001
10.06.2016 08:04:04.983 GMT+0100,6195.49,6195.297,0,0.0003
10.06.2016 08:04:05.186 GMT+0100,6195.49,6195,0,0.0003
10.06.2016 08:04:05.437 GMT+0100,6195.04,6194.913,0,0.0003
10.06.2016 08:04:06.486 GMT+0100,6195.04,6194.8,0,0.0003
10.06.2016 08:04:06.537 GMT+0100,6194.9,6194.733,0,0.0003
10.06.2016 08:04:06.687 GMT+0100,6194.9,6194.5,0,0.0003
10.06.2016 08:04:06.757 GMT+0100,6194.73,6194.5,0,0.0003
10.06.2016 08:04:07.282 GMT+0100,6194.73,6194.477,0,0.0003
10.06.2016 08:04:07.591 GMT+0100,6194.6,6194.34,0,0.0003
10.06.2016 08:04:07.697 GMT+0100,6194.52,6194.273,0,0.0003
10.06.2016 08:04:08.187 GMT+0100,6194.17,6193.5,0,0.0001
10.06.2016 08:04:08.745 GMT+0100,6194.17,6193.17,0,0.0009
10.06.2016 08:04:09.031 GMT+0100,6194.17,6193.89,0,0.0003
10.06.2016 08:04:09.198 GMT+0100,6194.17,6193.17,0,0.0009
10.06.2016 08:04:09.700 GMT+0100,6194.17,6193.3,0,0.0003
10.06.2016 08:04:09.802 GMT+0100,6194.17,6193.17,0.0005,0.0002
10.06.2016 08:04:10.008 GMT+0100,6194.17,6193.17,0.0005,0.0002
10.06.2016 08:04:10.406 GMT+0100,6192.61,6192,0,0.0001
10.06.2016 08:04:10.972 GMT+0100,6193.13,6192.13,0,0.0009
10.06.2016 08:04:11.048 GMT+0100,6193.11,6192.11,0,0.0009
10.06.2016 08:04:11.597 GMT+0100,6193.17,6192.17,0,0.0009
10.06.2016 08:04:12.012 GMT+0100,6193.17,6192.5,0,0.0001
10.06.2016 08:04:12.318 GMT+0100,6193.91,6192.91,0,0.0009
10.06.2016 08:04:12.369 GMT+0100,6193.91,6193,0,0.0001
10.06.2016 08:04:12.477 GMT+0100,6193.94,6193,0,0.0001
10.06.2016 08:04:12.619 GMT+0100,6193.94,6193.747,0,0.0003
10.06.2016 08:04:13.236 GMT+0100,6193.86,6193.687,0,0.0003
10.06.2016 08:04:13.971 GMT+0100,6193.9,6193.8,0,0.0003
10.06.2016 08:04:14.022 GMT+0100,6193.61,6192.61,0,0.0009
10.06.2016 08:04:14.556 GMT+0100,6193.47,6192.5,0,0.0001
10.06.2016 08:04:15.000 GMT+0100,6193.48,6193.3,0,0.0003
10.06.2016 08:04:15.051 GMT+0100,6193.19,6192.2,0,0.0001
10.06.2016 08:04:15.337 GMT+0100,6193.4,6192.4,0,0.0009
10.06.2016 08:04:15.670 GMT+0100,6193.4,6193.3,0,0.0003
10.06.2016 08:04:16.443 GMT+0100,6193.47,6193,0,0.0003
10.06.2016 08:04:16.497 GMT+0100,6193.47,6193,0,0.0003
10.06.2016 08:04:17.000 GMT+0100,6193.47,6193,0,0.0003
10.06.2016 08:04:17.051 GMT+0100,6193.47,6192.8,0,0.0003
10.06.2016 08:04:17.145 GMT+0100,6193.5,6192.5,0.0005,0.0003
10.06.2016 08:04:17.258 GMT+0100,6192.56,6191.56,0,0.0009
10.06.2016 08:04:17.503 GMT+0100,6192.56,6191.8,0,0.0001
10.06.2016 08:04:17.553 GMT+0100,6192.88,6191.88,0,0.0009
10.06.2016 08:04:17.647 GMT+0100,6192.9,6192.66,0,0.0003
10.06.2016 08:04:18.025 GMT+0100,6192.9,6192.8,0,0.0003
10.06.2016 08:04:18.508 GMT+0100,6192.9,6192.8,0,0.0003
10.06.2016 08:04:18.559 GMT+0100,6192.79,6192.3,0,0.0001
10.06.2016 08:04:18.637 GMT+0100,6192.73,6192.3,0,0.0001
10.06.2016 08:04:19.418 GMT+0100,6193.26,6192.3,0,0.0001
10.06.2016 08:04:19.553 GMT+0100,6193.26,6193,0,0.0003
10.06.2016 08:04:19.627 GMT+0100,6192.89,6192.3,0,0.0001
10.06.2016 08:04:19.957 GMT+0100,6193.41,6192.41,0,0.0009
10.06.2016 08:04:20.016 GMT+0100,6193.41,6192.41,0,0.0009
10.06.2016 08:04:20.177 GMT+0100,6193.08,6192.2,0,0.0001
10.06.2016 08:04:20.611 GMT+0100,6193.08,6192.3,0,0.0001
10.06.2016 08:04:20.726 GMT+0100,6193.11,6192.3,0,0.0001
10.06.2016 08:04:20.947 GMT+0100,6193.7,6192.7,0,0.0009
10.06.2016 08:04:21.021 GMT+0100,6193.7,6192.7,0,0.0009
10.06.2016 08:04:21.166 GMT+0100,6193.74,6192.74,0,0.0009
10.06.2016 08:04:21.387 GMT+0100,6193.66,6192.66,0,0.0009
10.06.2016 08:04:21.561 GMT+0100,6193.66,6193.387,0,0.0003
10.06.2016 08:04:21.828 GMT+0100,6193.37,6193.223,0,0.0003
10.06.2016 08:04:21.963 GMT+0100,6193.37,6193,0,0.0003
10.06.2016 08:04:22.025 GMT+0100,6193.37,6193,0,0.0003
10.06.2016 08:04:22.377 GMT+0100,6193.07,6192.923,0,0.0003
10.06.2016 08:04:22.596 GMT+0100,6193.09,6192.93,0,0.0003
10.06.2016 08:04:23.371 GMT+0100,6193.07,6192.923,0,0.0003
10.06.2016 08:04:23.668 GMT+0100,6193.05,6192.3,0,0.0001
10.06.2016 08:04:23.900 GMT+0100,6193.1,6192.95,0,0.0003
10.06.2016 08:04:24.026 GMT+0100,6193.18,6192.96,0,0.0003
10.06.2016 08:04:24.170 GMT+0100,6193.18,6192.8,0,0.0003
10.06.2016 08:04:24.467 GMT+0100,6193.02,6192.8,0,0.0003
10.06.2016 08:04:24.773 GMT+0100,6192.8,6192,0,0.0001
10.06.2016 08:04:24.873 GMT+0100,6192.9,6192.7,0,0.0003
10.06.2016 08:04:25.017 GMT+0100,6192.86,6192.72,0,0.0003
10.06.2016 08:04:25.237 GMT+0100,6192.82,6192.707,0,0.0003
10.06.2016 08:04:25.612 GMT+0100,6192.16,6190.18,0,0.0013
10.06.2016 08:04:25.787 GMT+0100,6192.88,6191.88,0,0.0013
10.06.2016 08:04:26.116 GMT+0100,6192.92,6191.92,0,0.0013
10.06.2016 08:04:26.446 GMT+0100,6192.8,6191.8,0,0.0013
10.06.2016 08:04:26.875 GMT+0100,6192.79,6191.79,0,0.0013
10.06.2016 08:04:27.236 GMT+0100,6192.8,6191.8,0,0.0013
10.06.2016 08:04:27.581 GMT+0100,6192.79,6191.79,0,0.0013
10.06.2016 08:04:27.882 GMT+0100,6193,6192.3,0,0.0001
10.06.2016 08:04:27.997 GMT+0100,6193.38,6192.38,0,0.0009
10.06.2016 08:04:28.547 GMT+0100,6193.4,6192.4,0,0.0009
10.06.2016 08:04:29.086 GMT+0100,6193.4,6193,0,0.0003
10.06.2016 08:04:29.136 GMT+0100,6192.87,6192.3,0,0.0001
10.06.2016 08:04:29.187 GMT+0100,6192.87,6192.5,0,0.0003
10.06.2016 08:04:29.387 GMT+0100,6192.87,6191.87,0,0.0009
10.06.2016 08:04:29.437 GMT+0100,6192.7,6191.8,0,0.0001
10.06.2016 08:04:29.980 GMT+0100,6193.04,6192.04,0,0.0009
10.06.2016 08:04:30.400 GMT+0100,6193.04,6192.713,0,0.0003
10.06.2016 08:04:30.741 GMT+0100,6192.9,6192.8,0,0.0003
10.06.2016 08:04:32.176 GMT+0100,6192.77,6191.77,0,0.0009
10.06.2016 08:04:32.506 GMT+0100,6192.79,6191.79,0,0.0009
10.06.2016 08:04:32.946 GMT+0100,6192.96,6192.6,0,0.0001
10.06.2016 08:04:33.062 GMT+0100,6192.96,6192.5,0,0.0001
10.06.2016 08:04:33.601 GMT+0100,6193.48,6192.5,0,0.0001
10.06.2016 08:04:34.156 GMT+0100,6193.5,6192.5,0,0.0013
10.06.2016 08:04:34.486 GMT+0100,6193.27,6192.5,0,0.0001
10.06.2016 08:04:35.186 GMT+0100,6193.26,6192.5,0,0.0001
10.06.2016 08:04:35.258 GMT+0100,6193.32,6192.5,0,0.0001
10.06.2016 08:04:35.556 GMT+0100,6193.38,6192.5,0,0.0001
10.06.2016 08:04:36.027 GMT+0100,6193.37,6192.5,0,0.0001
10.06.2016 08:04:36.246 GMT+0100,6193.38,6192.5,0,0.0001
10.06.2016 08:04:37.157 GMT+0100,6193.67,6192.67,0,0.0009
10.06.2016 08:04:37.458 GMT+0100,6193.51,6193.27,0,0.0003
10.06.2016 08:04:38.116 GMT+0100,6193.4,6193.233,0,0.0003
10.06.2016 08:04:39.437 GMT+0100,6193.38,6193.227,0,0.0003
10.06.2016 08:04:39.656 GMT+0100,6193.42,6193.207,0,0.0003
10.06.2016 08:04:40.096 GMT+0100,6193.33,6193.177,0,0.0003
10.06.2016 08:04:40.315 GMT+0100,6193.33,6192.8,0,0.0003
10.06.2016 08:04:40.426 GMT+0100,6192.93,6192.8,0,0.0003
10.06.2016 08:04:41.023 GMT+0100,6192.93,6192.71,0,0.0003
10.06.2016 08:04:41.691 GMT+0100,6192.99,6192.763,0,0.0003
10.06.2016 08:04:41.746 GMT+0100,6192.82,6192.707,0,0.0003
10.06.2016 08:04:42.186 GMT+0100,6192.87,6192.723,0,0.0003
10.06.2016 08:04:43.022 GMT+0100,6192.87,6192,0,0.0001
10.06.2016 08:04:43.072 GMT+0100,6193.23,6192.23,0,0.0009
10.06.2016 08:04:43.990 GMT+0100,6193.15,6192.15,0,0.0009
10.06.2016 08:04:44.489 GMT+0100,6193.15,6192.883,0,0.0003
10.06.2016 08:04:44.540 GMT+0100,6192.94,6192,0,0.0001
10.06.2016 08:04:44.716 GMT+0100,6193.02,6192.02,0,0.0009
10.06.2016 08:04:44.936 GMT+0100,6193.13,6192.13,0,0.0009
10.06.2016 08:04:45.156 GMT+0100,6193.1,6192.1,0,0.0009
10.06.2016 08:04:45.708 GMT+0100,6193.13,6192.13,0,0.0009
10.06.2016 08:04:46.036 GMT+0100,6193.14,6192.14,0,0.0009
10.06.2016 08:04:46.256 GMT+0100,6193.12,6192.12,0,0.0009
10.06.2016 08:04:46.318 GMT+0100,6193.12,6192.12,0,0.0009
10.06.2016 08:04:46.586 GMT+0100,6193.09,6192.1,0,0.0001
10.06.2016 08:04:47.395 GMT+0100,6193.1,6192.897,0,0.0003
10.06.2016 08:04:47.446 GMT+0100,6193.08,6192.08,0,0.0009
10.06.2016 08:04:47.576 GMT+0100,6193.06,6192.06,0,0.0009
10.06.2016 08:04:48.338 GMT+0100,6193.1,6192.853,0,0.0003
10.06.2016 08:04:48.671 GMT+0100,6192.97,6192,0,0.0001
10.06.2016 08:04:48.721 GMT+0100,6192.91,6192.737,0,0.0003
10.06.2016 08:04:48.772 GMT+0100,6192.91,6192,0,0.0001
10.06.2016 08:04:49.006 GMT+0100,6193.06,6192.06,0,0.0009
10.06.2016 08:04:49.058 GMT+0100,6193.06,6192.787,0,0.0003
10.06.2016 08:04:49.249 GMT+0100,6192.97,6192.1,0,0.0001
10.06.2016 08:04:49.556 GMT+0100,6193.12,6192.12,0,0.0009
10.06.2016 08:04:49.622 GMT+0100,6193.12,6192.12,0,0.0009
10.06.2016 08:04:50.151 GMT+0100,6193.12,6192.12,0,0.0009
10.06.2016 08:04:50.202 GMT+0100,6192.45,6191.5,0,0.0001
10.06.2016 08:04:50.436 GMT+0100,6192.36,6191.5,0,0.0001
10.06.2016 08:04:50.767 GMT+0100,6192.6,6191.6,0,0.0009
10.06.2016 08:04:51.096 GMT+0100,6192.69,6191.69,0,0.0009
10.06.2016 08:04:51.646 GMT+0100,6192.64,6191.64,0,0.0009
10.06.2016 08:04:51.976 GMT+0100,6192.6,6191.6,0,0.0009
10.06.2016 08:04:52.244 GMT+0100,6192.6,6192.367,0,0.0003
10.06.2016 08:04:52.306 GMT+0100,6192.39,6191.5,0,0.0001
10.06.2016 08:04:52.526 GMT+0100,6192.38,6191.5,0,0.0001
10.06.2016 08:04:52.577 GMT+0100,6192.38,6191.4,0,0.0001
10.06.2016 08:04:52.646 GMT+0100,6192.4,6192.193,0,0.0003
10.06.2016 08:04:52.917 GMT+0100,6192.41,6192.203,0,0.0003
10.06.2016 08:04:53.046 GMT+0100,6192.41,6191.41,0,0.0009
10.06.2016 08:04:53.187 GMT+0100,6192.6,6191.6,0,0.0009
10.06.2016 08:04:53.406 GMT+0100,6192.44,6191.44,0,0.0009
10.06.2016 08:04:53.585 GMT+0100,6192.44,6192.213,0,0.0003
10.06.2016 08:04:53.835 GMT+0100,6192.5,6192.267,0,0.0003
10.06.2016 08:04:54.036 GMT+0100,6192.5,6192.2,0,0.0003
10.06.2016 08:04:54.551 GMT+0100,6192.07,6191.3,0,0.0001
10.06.2016 08:04:55.039 GMT+0100,6192.07,6191.6,0,0.0001
10.06.2016 08:04:55.090 GMT+0100,6192.43,6191.6,0,0.0001
10.06.2016 08:04:55.301 GMT+0100,6192.58,6191.6,0,0.0001
10.06.2016 08:04:55.496 GMT+0100,6192.52,6191.6,0,0.0001
10.06.2016 08:04:56.043 GMT+0100,6192.52,6191.52,0,0.0009
10.06.2016 08:04:56.093 GMT+0100,6192.45,6191.5,0,0.0001
10.06.2016 08:04:56.486 GMT+0100,6192.5,6192.267,0,0.0003
10.06.2016 08:04:56.926 GMT+0100,6192.43,6192.243,0,0.0003
10.06.2016 08:04:57.257 GMT+0100,6192.41,6192.237,0,0.0003
10.06.2016 08:04:57.586 GMT+0100,6192.33,6192.21,0,0.0003
10.06.2016 08:04:57.806 GMT+0100,6192.29,6191.5,0,0.0001
10.06.2016 08:04:58.136 GMT+0100,6192.47,6191.5,0,0.0001
10.06.2016 08:04:58.186 GMT+0100,6192.47,6191.47,0,0.0009
10.06.2016 08:04:58.466 GMT+0100,6192.45,6191.45,0,0.0009
10.06.2016 08:04:58.979 GMT+0100,6192.22,6191.5,0,0.0001
10.06.2016 08:04:59.456 GMT+0100,6192.13,6191.5,0,0.0001
10.06.2016 08:04:59.868 GMT+0100,6192.12,6192,0,0.0003
10.06.2016 08:04:59.961 GMT+0100,6192.12,6191.8,0,0.0003
10.06.2016 08:05:00.011 GMT+0100,6191.97,6191.8,0,0.0003
10.06.2016 08:05:00.667 GMT+0100,6191.76,6191,0,0.0001
10.06.2016 08:05:00.996 GMT+0100,6191.82,6191,0,0.0001
10.06.2016 08:05:01.366 GMT+0100,6191.9,6191.707,0,0.0003
10.06.2016 08:05:02.093 GMT+0100,6191.77,6191,0,0.0001
10.06.2016 08:05:02.695 GMT+0100,6191.57,6191,0,0.0003
10.06.2016 08:05:03.070 GMT+0100,6191.16,6190.8,0,0.0003
10.06.2016 08:05:03.162 GMT+0100,6191.16,6190.8,0,0.0003
10.06.2016 08:05:03.675 GMT+0100,6190.89,6190,0,0.0001
10.06.2016 08:05:03.744 GMT+0100,6191.06,6190.06,0,0.0009
10.06.2016 08:05:03.794 GMT+0100,6191.06,6190.787,0,0.0003
10.06.2016 08:05:04.123 GMT+0100,6190.98,6190,0,0.0001
10.06.2016 08:05:04.293 GMT+0100,6191.11,6190.11,0,0.0009
10.06.2016 08:05:04.634 GMT+0100,6191.07,6190.857,0,0.0003
10.06.2016 08:05:04.875 GMT+0100,6191.07,6190.79,0,0.0003
10.06.2016 08:05:04.953 GMT+0100,6190.99,6190.763,0,0.0003
10.06.2016 08:05:05.503 GMT+0100,6190.95,6190.75,0,0.0003
10.06.2016 08:05:05.880 GMT+0100,6190.83,6190.1,0,0.0001
10.06.2016 08:05:05.943 GMT+0100,6190.98,6190.1,0,0.0001
10.06.2016 08:05:06.172 GMT+0100,6190.98,6190.793,0,0.0003
10.06.2016 08:05:06.222 GMT+0100,6190.98,6190.1,0,0.0001
10.06.2016 08:05:06.273 GMT+0100,6191.03,6190.1,0,0.0001
10.06.2016 08:05:06.642 GMT+0100,6191.03,6190.5,0,0.0001
10.06.2016 08:05:06.825 GMT+0100,6191.47,6190.5,0,0.0001
10.06.2016 08:05:07.144 GMT+0100,6191.47,6190.47,0,0.0009
10.06.2016 08:05:07.840 GMT+0100,6191.2,6190.8,0,0.0003
10.06.2016 08:05:08.143 GMT+0100,6191.15,6190.883,0,0.0003
10.06.2016 08:05:08.288 GMT+0100,6191.15,6190.8,0,0.0003
10.06.2016 08:05:08.363 GMT+0100,6190.98,6190.76,0,0.0003
10.06.2016 08:05:08.489 GMT+0100,6190.98,6190,0,0.0001
10.06.2016 08:05:08.590 GMT+0100,6190.98,6190.76,0,0.0003
10.06.2016 08:05:08.693 GMT+0100,6190.99,6190.763,0,0.0003
10.06.2016 08:05:09.023 GMT+0100,6191.02,6190.773,0,0.0003
10.06.2016 08:05:09.353 GMT+0100,6190.99,6190.763,0,0.0003
10.06.2016 08:05:09.493 GMT+0100,6190.99,6190,0,0.0001
10.06.2016 08:05:09.573 GMT+0100,6191.09,6190.09,0,0.0009
10.06.2016 08:05:09.950 GMT+0100,6191.09,6190.09,0.0005,0.0002
10.06.2016 08:05:10.178 GMT+0100,6189.64,6188.8,0,0.0001
10.06.2016 08:05:10.234 GMT+0100,6189.89,6188.89,0,0.0009
10.06.2016 08:05:10.563 GMT+0100,6189.64,6188.8,0,0.0001
10.06.2016 08:05:10.949 GMT+0100,6189.67,6188.8,0,0.0001
10.06.2016 08:05:11.150 GMT+0100,6189.69,6188.8,0,0.0001
10.06.2016 08:05:11.283 GMT+0100,6189.69,6189,0,0.0001
10.06.2016 08:05:11.774 GMT+0100,6190.15,6189.15,0,0.0009
10.06.2016 08:05:12.231 GMT+0100,6190.19,6189.19,0,0.0009
10.06.2016 08:05:12.763 GMT+0100,6190.18,6189.18,0,0.0009
10.06.2016 08:05:13.093 GMT+0100,6190.17,6189.17,0,0.0009
10.06.2016 08:05:13.423 GMT+0100,6190.26,6189.26,0,0.0009
10.06.2016 08:05:13.745 GMT+0100,6190.23,6189.23,0,0.0009
10.06.2016 08:05:13.973 GMT+0100,6190.22,6189.22,0,0.0009
10.06.2016 08:05:14.094 GMT+0100,6190.22,6189.8,0,0.0001
10.06.2016 08:05:14.413 GMT+0100,6190.74,6189.8,0,0.0001
10.06.2016 08:05:14.778 GMT+0100,6190.57,6189.8,0,0.0001
10.06.2016 08:05:15.103 GMT+0100,6190.83,6190.5,0,0.0003
10.06.2016 08:05:15.330 GMT+0100,6190.83,6190.3,0,0.0003
10.06.2016 08:05:15.403 GMT+0100,6190.58,6190.3,0,0.0003
10.06.2016 08:05:15.651 GMT+0100,6190.18,6189.3,0,0.0001
10.06.2016 08:05:15.843 GMT+0100,6190.2,6189.3,0,0.0001
10.06.2016 08:05:16.475 GMT+0100,6190.22,6189.3,0,0.0001
10.06.2016 08:05:16.833 GMT+0100,6190.19,6189.3,0,0.0001
10.06.2016 08:05:17.810 GMT+0100,6190.19,6189.4,0,0.0001
10.06.2016 08:05:18.067 GMT+0100,6190.46,6189.46,0,0.0009
10.06.2016 08:05:18.373 GMT+0100,6190.45,6189.45,0,0.0009
10.06.2016 08:05:18.593 GMT+0100,6190.43,6189.43,0,0.0009
10.06.2016 08:05:18.838 GMT+0100,6190.43,6189.8,0,0.0003
10.06.2016 08:05:19.216 GMT+0100,6189.59,6188.8,0,0.0001
10.06.2016 08:05:19.473 GMT+0100,6189.89,6188.89,0,0.0009
10.06.2016 08:05:19.540 GMT+0100,6189.9,6189.663,0,0.0003
10.06.2016 08:05:20.793 GMT+0100,6189.7,6188.8,0,0.0001
10.06.2016 08:05:21.013 GMT+0100,6189.68,6188.8,0,0.0001
10.06.2016 08:05:21.343 GMT+0100,6189.69,6188.8,0,0.0001
10.06.2016 08:05:21.717 GMT+0100,6189.68,6188.8,0,0.0001
10.06.2016 08:05:22.663 GMT+0100,6189.66,6188.8,0,0.0001
10.06.2016 08:05:23.107 GMT+0100,6189.91,6188.91,0,0.0009
10.06.2016 08:05:23.630 GMT+0100,6189.91,6189.2,0,0.0001
10.06.2016 08:05:23.763 GMT+0100,6189.93,6189.2,0,0.0001
10.06.2016 08:05:24.032 GMT+0100,6190.3,6189.3,0,0.0009
10.06.2016 08:05:24.524 GMT+0100,6190.59,6189.59,0,0.0009
10.06.2016 08:05:24.643 GMT+0100,6190.61,6189.61,0,0.0009
10.06.2016 08:05:25.193 GMT+0100,6190.65,6189.65,0,0.0009
10.06.2016 08:05:25.805 GMT+0100,6190.67,6189.67,0,0.0009
10.06.2016 08:05:26.155 GMT+0100,6190.68,6190.5,0,0.0001
10.06.2016 08:05:26.323 GMT+0100,6191.39,6190.5,0,0.0001
10.06.2016 08:05:26.543 GMT+0100,6191.57,6190.57,0,0.0009
10.06.2016 08:05:26.656 GMT+0100,6191.6,6191.357,0,0.0003
10.06.2016 08:05:26.873 GMT+0100,6191.41,6190.5,0,0.0001
10.06.2016 08:05:27.182 GMT+0100,6191.44,6190.5,0,0.0001
10.06.2016 08:05:28.024 GMT+0100,6191.4,6191.233,0,0.0003
10.06.2016 08:05:28.074 GMT+0100,6191.4,6190.5,0,0.0001
10.06.2016 08:05:28.124 GMT+0100,6191.18,6190.5,0,0.0001
10.06.2016 08:05:28.451 GMT+0100,6191.61,6190.9,0,0.0001
10.06.2016 08:05:28.633 GMT+0100,6191.72,6190.9,0,0.0001
10.06.2016 08:05:28.684 GMT+0100,6191.72,6191.5,0,0.0003
10.06.2016 08:05:29.127 GMT+0100,6191.55,6190.55,0,0.0009
10.06.2016 08:05:29.269 GMT+0100,6191.55,6191.283,0,0.0003
10.06.2016 08:05:29.623 GMT+0100,6191.4,6191.2,0,0.0003
10.06.2016 08:05:29.771 GMT+0100,6191.4,6190.4,0,0.0013
10.06.2016 08:05:29.860 GMT+0100,6191.4,6190.6,0,0.0001
10.06.2016 08:05:29.961 GMT+0100,6191.5,6190.6,0,0.0001
10.06.2016 08:05:30.173 GMT+0100,6191.69,6190.69,0,0.0009
10.06.2016 08:05:30.653 GMT+0100,6191.63,6190.63,0,0.0009
10.06.2016 08:05:30.703 GMT+0100,6191.63,6191.41,0,0.0003
10.06.2016 08:05:31.076 GMT+0100,6191.55,6190.55,0,0.0009
10.06.2016 08:05:31.163 GMT+0100,6191.61,6190.61,0,0.0009
10.06.2016 08:05:31.479 GMT+0100,6192.82,6191.82,0,0.0009
10.06.2016 08:05:31.967 GMT+0100,6193.1,6192.1,0,0.0009
10.06.2016 08:05:32.263 GMT+0100,6193.06,6192.06,0,0.0009
10.06.2016 08:05:32.483 GMT+0100,6193.1,6192.1,0,0.0009
10.06.2016 08:05:33.305 GMT+0100,6192.64,6192,0,0.0001
10.06.2016 08:05:33.477 GMT+0100,6192.64,6191.8,0,0.0001
10.06.2016 08:05:33.584 GMT+0100,6192.75,6191.8,0,0.0001
10.06.2016 08:05:33.839 GMT+0100,6192.91,6191.91,0,0.0009
10.06.2016 08:05:34.141 GMT+0100,6192.85,6191.85,0,0.0009
10.06.2016 08:05:34.459 GMT+0100,6192.99,6191.99,0,0.0009
10.06.2016 08:05:34.902 GMT+0100,6192.87,6192.657,0,0.0003
10.06.2016 08:05:34.983 GMT+0100,6192.87,6192.723,0,0.0003
10.06.2016 08:05:35.057 GMT+0100,6192.87,6192,0,0.0001
10.06.2016 08:05:35.453 GMT+0100,6193,6192,0,0.0013
10.06.2016 08:05:35.610 GMT+0100,6193.02,6192.02,0,0.0009
10.06.2016 08:05:36.089 GMT+0100,6193.04,6192.1,0,0.0001
10.06.2016 08:05:36.139 GMT+0100,6193.1,6192.1,0,0.0013
10.06.2016 08:05:36.263 GMT+0100,6193.1,6192.9,0,0.0003
10.06.2016 08:05:36.739 GMT+0100,6193.08,6192.893,0,0.0003
10.06.2016 08:05:36.790 GMT+0100,6193.08,6192.793,0,0.0003
10.06.2016 08:05:36.993 GMT+0100,6193.08,6192.76,0,0.0003
10.06.2016 08:05:37.168 GMT+0100,6193.01,6192.01,0,0.0009
10.06.2016 08:05:37.223 GMT+0100,6192.95,6191.95,0,0.0009
10.06.2016 08:05:37.526 GMT+0100,6193.47,6192.5,0,0.0001
10.06.2016 08:05:37.770 GMT+0100,6193.47,6193,0,0.0003
10.06.2016 08:05:37.871 GMT+0100,6193.24,6192.5,0,0.0001
10.06.2016 08:05:37.971 GMT+0100,6193.24,6193,0,0.0003
10.06.2016 08:05:38.272 GMT+0100,6193.04,6192.8,0,0.0003
10.06.2016 08:05:38.573 GMT+0100,6193.01,6192.77,0,0.0003
10.06.2016 08:05:38.624 GMT+0100,6193.01,6192.01,0,0.0009
10.06.2016 08:05:38.910 GMT+0100,6193.07,6192.07,0,0.0009
10.06.2016 08:05:39.429 GMT+0100,6193.15,6192.5,0,0.0001
10.06.2016 08:05:39.533 GMT+0100,6193.56,6192.56,0,0.0009
10.06.2016 08:05:39.753 GMT+0100,6193.66,6192.66,0,0.0009
10.06.2016 08:05:40.413 GMT+0100,6193.6,6192.6,0,0.0009
10.06.2016 08:05:40.610 GMT+0100,6193.6,6193.3,0,0.0001
10.06.2016 08:05:40.661 GMT+0100,6193.68,6193.3,0,0.0001
10.06.2016 08:05:41.556 GMT+0100,6194.35,6193.35,0,0.0009
10.06.2016 08:05:41.732 GMT+0100,6194.31,6193.31,0,0.0009
10.06.2016 08:05:42.063 GMT+0100,6194.22,6193.3,0,0.0001
10.06.2016 08:05:42.283 GMT+0100,6194.34,6193.34,0,0.0009
10.06.2016 08:05:42.503 GMT+0100,6194.27,6193.3,0,0.0001
10.06.2016 08:05:42.834 GMT+0100,6194.32,6193.32,0,0.0009
10.06.2016 08:05:43.435 GMT+0100,6194.32,6193.5,0,0.0001
10.06.2016 08:05:43.932 GMT+0100,6194.76,6193.76,0,0.0009
10.06.2016 08:05:44.153 GMT+0100,6194.7,6193.7,0,0.0009
10.06.2016 08:05:44.373 GMT+0100,6194.69,6193.69,0,0.0009
10.06.2016 08:05:44.772 GMT+0100,6194.66,6193.66,0,0.0009
10.06.2016 08:05:44.823 GMT+0100,6194.66,6194.3,0,0.0003
10.06.2016 08:05:45.320 GMT+0100,6194.32,6194.207,0,0.0003
10.06.2016 08:05:45.590 GMT+0100,6194.12,6193.5,0,0.0001
10.06.2016 08:05:45.802 GMT+0100,6194.11,6193.5,0,0.0001
10.06.2016 08:05:46.197 GMT+0100,6194.24,6193.5,0,0.0001
10.06.2016 08:05:46.248 GMT+0100,6194.2,6193.5,0,0.0001
10.06.2016 08:05:47.453 GMT+0100,6194.1,6193.5,0,0.0001
10.06.2016 08:05:47.731 GMT+0100,6194.1,6193.1,0,0.0009
10.06.2016 08:05:47.781 GMT+0100,6194.02,6193.773,0,0.0003
10.06.2016 08:05:48.223 GMT+0100,6193.82,6193.707,0,0.0003
10.06.2016 08:05:48.403 GMT+0100,6193.82,6193.5,0,0.0003
10.06.2016 08:05:48.503 GMT+0100,6193.82,6193.3,0,0.0003
10.06.2016 08:05:48.554 GMT+0100,6193.5,6193.3,0,0.0003
10.06.2016 08:05:48.773 GMT+0100,6193.47,6192.5,0,0.0001
10.06.2016 08:05:49.213 GMT+0100,6193.83,6192.83,0,0.0009
10.06.2016 08:05:49.558 GMT+0100,6193.59,6192.59,0,0.0009
10.06.2016 08:05:49.659 GMT+0100,6193.59,6192.6,0,0.0001
10.06.2016 08:05:49.762 GMT+0100,6193.63,6192.63,0,0.0009
10.06.2016 08:05:50.094 GMT+0100,6193.5,6193.3,0,0.0003
10.06.2016 08:05:50.311 GMT+0100,6193.5,6192.6,0,0.0001
10.06.2016 08:05:50.361 GMT+0100,6193.8,6192.8,0,0.0009
10.06.2016 08:05:50.962 GMT+0100,6193.8,6193.3,0,0.0003
10.06.2016 08:05:51.413 GMT+0100,6193,6192.4,0,0.0001
10.06.2016 08:05:51.464 GMT+0100,6193,6192.8,0,0.0003
10.06.2016 08:05:51.793 GMT+0100,6192.91,6192.737,0,0.0003
10.06.2016 08:05:52.196 GMT+0100,6192.77,6192,0,0.0001
10.06.2016 08:05:52.512 GMT+0100,6192.79,6192,0,0.0001
10.06.2016 08:05:52.720 GMT+0100,6192.79,6192.5,0,0.0003
10.06.2016 08:05:53.064 GMT+0100,6192.58,6192.393,0,0.0003
10.06.2016 08:05:53.323 GMT+0100,6192.58,6191.6,0,0.0001
10.06.2016 08:05:53.393 GMT+0100,6192.62,6191.62,0,0.0009
10.06.2016 08:05:53.832 GMT+0100,6192.6,6191.6,0,0.0009
10.06.2016 08:05:54.438 GMT+0100,6192.6,6192.3,0,0.0003
10.06.2016 08:05:54.903 GMT+0100,6192.39,6192.197,0,0.0003
10.06.2016 08:05:54.954 GMT+0100,6192.28,6191.4,0,0.0001
10.06.2016 08:05:55.029 GMT+0100,6192.28,6191.8,0,0.0003
10.06.2016 08:05:55.253 GMT+0100,6191.9,6191.1,0,0.0001
10.06.2016 08:05:55.532 GMT+0100,6191.9,6191.767,0,0.0003
10.06.2016 08:05:55.593 GMT+0100,6192.05,6191.8,0,0.0003
10.06.2016 08:05:55.693 GMT+0100,6192.05,6191.8,0,0.0003
10.06.2016 08:05:55.813 GMT+0100,6191.69,6190.69,0,0.0009
10.06.2016 08:05:56.337 GMT+0100,6191.65,6190.65,0,0.0009
10.06.2016 08:05:56.583 GMT+0100,6191.85,6190.85,0,0.0009
10.06.2016 08:05:56.913 GMT+0100,6191.84,6190.84,0,0.0009
10.06.2016 08:05:57.288 GMT+0100,6191.84,6190.84,0,0.0009
10.06.2016 08:05:57.352 GMT+0100,6191.86,6190.86,0,0.0009
10.06.2016 08:05:57.796 GMT+0100,6191.96,6191.687,0,0.0003
10.06.2016 08:05:58.172 GMT+0100,6191.99,6190.99,0,0.0009
10.06.2016 08:05:58.292 GMT+0100,6191.99,6191,0,0.0001
10.06.2016 08:05:58.342 GMT+0100,6191.97,6191,0,0.0001
10.06.2016 08:05:59.277 GMT+0100,6192.21,6191.21,0,0.0009
10.06.2016 08:05:59.696 GMT+0100,6192.68,6191.68,0,0.0009
10.06.2016 08:05:59.992 GMT+0100,6192.65,6191.65,0,0.0009
10.06.2016 08:06:00.198 GMT+0100,6192.65,6191.8,0,0.0001
10.06.2016 08:06:00.571 GMT+0100,6193.06,6192.06,0,0.0009
10.06.2016 08:06:00.702 GMT+0100,6193.06,6192.06,0,0.0009
10.06.2016 08:06:00.953 GMT+0100,6193.1,6192.853,0,0.0003
10.06.2016 08:06:01.053 GMT+0100,6193.06,6192.06,0,0.0009
10.06.2016 08:06:01.422 GMT+0100,6193.17,6192.17,0,0.0009
10.06.2016 08:06:01.754 GMT+0100,6193.15,6192.15,0,0.0009
10.06.2016 08:06:02.302 GMT+0100,6193.14,6192.14,0,0.0009
10.06.2016 08:06:02.632 GMT+0100,6193.16,6192.16,0,0.0009
10.06.2016 08:06:03.182 GMT+0100,6193.12,6192.12,0,0.0009
10.06.2016 08:06:03.402 GMT+0100,6193.14,6192.14,0,0.0009
10.06.2016 08:06:03.732 GMT+0100,6192.79,6192.5,0,0.0003
10.06.2016 08:06:04.191 GMT+0100,6192.6,6192.35,0,0.0003
10.06.2016 08:06:04.364 GMT+0100,6192.55,6192.283,0,0.0003
10.06.2016 08:06:04.613 GMT+0100,6192.4,6192.233,0,0.0003
10.06.2016 08:06:05.053 GMT+0100,6192.34,6192.213,0,0.0003
10.06.2016 08:06:05.320 GMT+0100,6192.15,6191.5,0,0.0001
10.06.2016 08:06:05.372 GMT+0100,6192.15,6192,0,0.0003
10.06.2016 08:06:05.712 GMT+0100,6192.04,6191.913,0,0.0003
10.06.2016 08:06:05.969 GMT+0100,6192.04,6191.2,0,0.0001
10.06.2016 08:06:06.020 GMT+0100,6192.04,6191.3,0,0.0001
10.06.2016 08:06:06.263 GMT+0100,6192.07,6191.3,0,0.0001
10.06.2016 08:06:06.955 GMT+0100,6192.13,6191.3,0,0.0001
10.06.2016 08:06:07.006 GMT+0100,6192.41,6192.17,0,0.0003
10.06.2016 08:06:07.274 GMT+0100,6192.42,6191.8,0,0.0003
10.06.2016 08:06:07.374 GMT+0100,6192.02,6191.8,0,0.0003
10.06.2016 08:06:07.475 GMT+0100,6192.02,6191.02,0.0005,0.0002
10.06.2016 08:06:07.575 GMT+0100,6192.02,6191.3,0,0.0003
10.06.2016 08:06:07.912 GMT+0100,6191.5,6191.2,0,0.0003
10.06.2016 08:06:08.188 GMT+0100,6191.5,6190.8,0,0.0003
10.06.2016 08:06:08.239 GMT+0100,6191.11,6190.8,0,0.0003
10.06.2016 08:06:08.290 GMT+0100,6191.11,6190.3,0,0.0003
10.06.2016 08:06:08.340 GMT+0100,6191.11,6190.3,0,0.0003
10.06.2016 08:06:08.479 GMT+0100,6190.07,6189.5,0,0.0001
10.06.2016 08:06:08.682 GMT+0100,6190.4,6189.5,0,0.0001
10.06.2016 08:06:08.831 GMT+0100,6190.4,6189.4,0,0.0009
10.06.2016 08:06:09.306 GMT+0100,6190.44,6190.3,0,0.0003
10.06.2016 08:06:09.406 GMT+0100,6190.58,6190,0,0.0003
10.06.2016 08:06:09.484 GMT+0100,6190.58,6190.3,0,0.0003
10.06.2016 08:06:09.562 GMT+0100,6189.81,6188.9,0,0.0001
10.06.2016 08:06:09.836 GMT+0100,6189.81,6189,0,0.0001
10.06.2016 08:06:09.937 GMT+0100,6190.04,6189.04,0,0.0009
10.06.2016 08:06:10.112 GMT+0100,6190.13,6189.13,0,0.0009
10.06.2016 08:06:10.452 GMT+0100,6190.08,6189.793,0,0.0003
10.06.2016 08:06:10.767 GMT+0100,6189.95,6189.75,0,0.0003
10.06.2016 08:06:11.113 GMT+0100,6189.58,6188.7,0,0.0001
10.06.2016 08:06:11.222 GMT+0100,6189.61,6188.7,0,0.0001
10.06.2016 08:06:11.342 GMT+0100,6189.61,6188.61,0,0.0009
10.06.2016 08:06:11.443 GMT+0100,6189.49,6188.5,0,0.0001
10.06.2016 08:06:12.046 GMT+0100,6189.49,6189.263,0,0.0003
10.06.2016 08:06:12.147 GMT+0100,6189.29,6188.4,0,0.0001
10.06.2016 08:06:12.347 GMT+0100,6189.29,6188.5,0,0.0001
10.06.2016 08:06:12.652 GMT+0100,6189.65,6188.65,0,0.0009
10.06.2016 08:06:12.703 GMT+0100,6189.65,6189.383,0,0.0003
10.06.2016 08:06:12.898 GMT+0100,6189.65,6188.65,0,0.0009
10.06.2016 08:06:12.982 GMT+0100,6189.58,6188.58,0,0.0009
10.06.2016 08:06:13.415 GMT+0100,6189.58,6189.293,0,0.0003
10.06.2016 08:06:13.752 GMT+0100,6189.43,6189.243,0,0.0003
10.06.2016 08:06:14.087 GMT+0100,6189.47,6189.257,0,0.0003
10.06.2016 08:06:14.504 GMT+0100,6189.47,6188.6,0,0.0001
10.06.2016 08:06:14.554 GMT+0100,6189.45,6188.6,0,0.0001
10.06.2016 08:06:15.136 GMT+0100,6189.45,6189.283,0,0.0003
10.06.2016 08:06:15.186 GMT+0100,6189.72,6189.3,0,0.0003
10.06.2016 08:06:15.358 GMT+0100,6189.72,6189.3,0,0.0003
10.06.2016 08:06:15.952 GMT+0100,6189.41,6189.237,0,0.0003
10.06.2016 08:06:16.524 GMT+0100,6189.4,6189.233,0,0.0003
10.06.2016 08:06:16.992 GMT+0100,6189.39,6189.23,0,0.0003
10.06.2016 08:06:17.042 GMT+0100,6189.39,6188.5,0,0.0001
10.06.2016 08:06:17.093 GMT+0100,6189.43,6188.5,0,0.0001
10.06.2016 08:06:17.272 GMT+0100,6189.65,6188.65,0,0.0009
10.06.2016 08:06:17.667 GMT+0100,6189.68,6188.9,0,0.0001
10.06.2016 08:06:17.976 GMT+0100,6189.96,6188.96,0,0.0009
10.06.2016 08:06:18.042 GMT+0100,6189.97,6188.97,0,0.0009
10.06.2016 08:06:18.262 GMT+0100,6189.94,6188.94,0,0.0009
10.06.2016 08:06:18.659 GMT+0100,6189.94,6189.713,0,0.0003
10.06.2016 08:06:18.713 GMT+0100,6189.94,6189.747,0,0.0003
10.06.2016 08:06:18.816 GMT+0100,6189.94,6189,0,0.0001
10.06.2016 08:06:18.923 GMT+0100,6189.9,6189,0,0.0001
10.06.2016 08:06:19.172 GMT+0100,6189.9,6188.9,0,0.0013
10.06.2016 08:06:19.544 GMT+0100,6189.9,6189.7,0,0.0003
10.06.2016 08:06:19.674 GMT+0100,6189.99,6189.763,0,0.0003
10.06.2016 08:06:20.022 GMT+0100,6189.95,6189.75,0,0.0003
10.06.2016 08:06:20.320 GMT+0100,6189.95,6188.95,0,0.0009
10.06.2016 08:06:20.420 GMT+0100,6189.87,6188.9,0,0.0001
10.06.2016 08:06:20.694 GMT+0100,6189.92,6189,0,0.0001
10.06.2016 08:06:21.122 GMT+0100,6190.07,6189.07,0,0.0009
10.06.2016 08:06:21.357 GMT+0100,6190.1,6189.1,0,0.0009
10.06.2016 08:06:21.688 GMT+0100,6190.31,6189.31,0,0.0009
10.06.2016 08:06:22.222 GMT+0100,6190.29,6189.29,0,0.0009
10.06.2016 08:06:22.552 GMT+0100,6190.08,6189.08,0,0.0009
10.06.2016 08:06:23.291 GMT+0100,6190.09,6189.09,0,0.0009
10.06.2016 08:06:23.852 GMT+0100,6190.12,6189.12,0,0.0009
10.06.2016 08:06:24.397 GMT+0100,6189.87,6189.723,0,0.0003
10.06.2016 08:06:24.452 GMT+0100,6189.59,6189,0,0.0001
10.06.2016 08:06:24.503 GMT+0100,6189.59,6188.9,0,0.0001
10.06.2016 08:06:24.752 GMT+0100,6189.58,6188.9,0,0.0001
10.06.2016 08:06:25.192 GMT+0100,6189.4,6189.233,0,0.0003
10.06.2016 08:06:25.333 GMT+0100,6189.4,6188.5,0,0.0001
10.06.2016 08:06:25.434 GMT+0100,6189.4,6189.233,0,0.0003
10.06.2016 08:06:25.810 GMT+0100,6189.48,6188.48,0,0.0009
10.06.2016 08:06:25.936 GMT+0100,6189.47,6188.47,0,0.0009
10.06.2016 08:06:25.995 GMT+0100,6189.47,6188.5,0,0.0001
10.06.2016 08:06:26.073 GMT+0100,6189.62,6188.62,0,0.0009
10.06.2016 08:06:26.659 GMT+0100,6189.76,6188.76,0,0.0009
10.06.2016 08:06:27.062 GMT+0100,6189.99,6189.8,0,0.0003
10.06.2016 08:06:27.112 GMT+0100,6189.99,6189.697,0,0.0003
10.06.2016 08:06:27.742 GMT+0100,6189.89,6189.5,0,0.0003
10.06.2016 08:06:27.805 GMT+0100,6189.89,6189.463,0,0.0003
10.06.2016 08:06:27.943 GMT+0100,6189.57,6188.57,0,0.0009
10.06.2016 08:06:28.162 GMT+0100,6189.63,6188.63,0,0.0009
10.06.2016 08:06:28.492 GMT+0100,6189.6,6188.6,0,0.0009
10.06.2016 08:06:29.372 GMT+0100,6189.64,6188.64,0,0.0009
10.06.2016 08:06:29.702 GMT+0100,6189.57,6188.57,0,0.0009
10.06.2016 08:06:30.032 GMT+0100,6189.61,6188.61,0,0.0009
10.06.2016 08:06:30.418 GMT+0100,6189.97,6188.97,0,0.0009
10.06.2016 08:06:30.816 GMT+0100,6189.98,6188.98,0,0.0009
10.06.2016 08:06:31.022 GMT+0100,6190.02,6189.02,0,0.0009
10.06.2016 08:06:31.353 GMT+0100,6190,6189,0,0.0009
10.06.2016 08:06:31.922 GMT+0100,6190,6189,0,0.0013
10.06.2016 08:06:32.012 GMT+0100,6190.04,6189.04,0,0.0009
10.06.2016 08:06:32.364 GMT+0100,6190.29,6189.29,0,0.0009
10.06.2016 08:06:32.424 GMT+0100,6190.29,6189.3,0,0.0001
10.06.2016 08:06:32.562 GMT+0100,6190.44,6189.44,0,0.0009
10.06.2016 08:06:32.926 GMT+0100,6190.46,6189.5,0,0.0001
10.06.2016 08:06:33.224 GMT+0100,6190.48,6189.5,0,0.0001
10.06.2016 08:06:33.334 GMT+0100,6190.58,6189.58,0,0.0009
10.06.2016 08:06:33.553 GMT+0100,6190.55,6189.55,0,0.0009
10.06.2016 08:06:33.903 GMT+0100,6190.57,6189.57,0,0.0009
10.06.2016 08:06:34.261 GMT+0100,6190.51,6189.51,0,0.0009
10.06.2016 08:06:34.312 GMT+0100,6190.6,6190.337,0,0.0003
10.06.2016 08:06:34.374 GMT+0100,6190.51,6190.27,0,0.0003
10.06.2016 08:06:34.967 GMT+0100,6190.6,6190.333,0,0.0003
10.06.2016 08:06:35.554 GMT+0100,6190.57,6189.57,0,0.0009
10.06.2016 08:06:35.862 GMT+0100,6190.65,6189.65,0,0.0009
10.06.2016 08:06:36.412 GMT+0100,6191.41,6190.41,0,0.0009
10.06.2016 08:06:36.874 GMT+0100,6191.42,6190.973,0,0.0003
10.06.2016 08:06:37.173 GMT+0100,6190.97,6190,0,0.0001
10.06.2016 08:06:37.952 GMT+0100,6191.08,6190.08,0,0.0009
10.06.2016 08:06:38.523 GMT+0100,6191.17,6190.17,0,0.0009
10.06.2016 08:06:38.853 GMT+0100,6191.19,6190.19,0,0.0009
10.06.2016 08:06:39.272 GMT+0100,6191.3,6190.3,0,0.0009
10.06.2016 08:06:39.988 GMT+0100,6191.973,6190.42,0,0.0013
10.06.2016 08:06:40.263 GMT+0100,6191.72,6190.72,0,0.0013
10.06.2016 08:06:41.252 GMT+0100,6192.48,6191.48,0,0.0013
10.06.2016 08:06:41.693 GMT+0100,6192.8,6191.8,0,0.0013
10.06.2016 08:06:42.044 GMT+0100,6192.8,6192.1,0,0.0001
10.06.2016 08:06:42.109 GMT+0100,6192.85,6192.1,0,0.0001
10.06.2016 08:06:42.243 GMT+0100,6193.2,6192.2,0,0.0009
10.06.2016 08:06:42.462 GMT+0100,6193.24,6192.24,0,0.0009
10.06.2016 08:06:42.792 GMT+0100,6193.31,6192.31,0,0.0009
10.06.2016 08:06:43.102 GMT+0100,6193.22,6192.22,0,0.0009
10.06.2016 08:06:43.342 GMT+0100,6193.31,6192.31,0,0.0009
10.06.2016 08:06:43.782 GMT+0100,6193.48,6192.48,0,0.0009
10.06.2016 08:06:44.040 GMT+0100,6193.18,6192.18,0,0.0009
10.06.2016 08:06:44.102 GMT+0100,6193.18,6192.927,0,0.0003
10.06.2016 08:06:44.479 GMT+0100,6193.17,6192.8,0,0.0003
10.06.2016 08:06:44.992 GMT+0100,6192.74,6192,0,0.0001
10.06.2016 08:06:45.322 GMT+0100,6192.61,6192,0,0.0001
10.06.2016 08:06:45.652 GMT+0100,6192.64,6192,0,0.0001
10.06.2016 08:06:45.872 GMT+0100,6192.77,6192,0,0.0001
10.06.2016 08:06:46.092 GMT+0100,6192.74,6192,0,0.0001
10.06.2016 08:06:46.458 GMT+0100,6193.07,6192.07,0,0.0009
10.06.2016 08:06:46.756 GMT+0100,6193,6192,0,0.0013
10.06.2016 08:06:46.972 GMT+0100,6192.98,6192,0,0.0001
10.06.2016 08:06:47.302 GMT+0100,6192.96,6192,0,0.0001
10.06.2016 08:06:47.522 GMT+0100,6192.97,6192,0,0.0001
10.06.2016 08:06:47.742 GMT+0100,6193.07,6192.07,0,0.0009
10.06.2016 08:06:48.254 GMT+0100,6193.1,6192.857,0,0.0003
10.06.2016 08:06:49.393 GMT+0100,6192.97,6192,0,0.0001
10.06.2016 08:06:49.833 GMT+0100,6193.1,6192.1,0,0.0009
10.06.2016 08:06:50.382 GMT+0100,6193.13,6192.13,0,0.0009
10.06.2016 08:06:50.812 GMT+0100,6193.12,6192.12,0,0.0009
10.06.2016 08:06:51.372 GMT+0100,6193.11,6192.11,0,0.0009
10.06.2016 08:06:51.660 GMT+0100,6193.16,6192.16,0,0.0009
10.06.2016 08:06:52.099 GMT+0100,6193.19,6192.19,0,0.0009
10.06.2016 08:06:52.362 GMT+0100,6193.18,6192.18,0,0.0009
10.06.2016 08:06:52.412 GMT+0100,6193.18,6192.8,0,0.0001
10.06.2016 08:06:52.802 GMT+0100,6194.06,6193.06,0,0.0009
10.06.2016 08:06:52.853 GMT+0100,6194.1,6194,0,0.0003
10.06.2016 08:06:52.911 GMT+0100,6194.1,6193.853,0,0.0003
10.06.2016 08:06:53.291 GMT+0100,6194,6193.767,0,0.0003
10.06.2016 08:06:53.527 GMT+0100,6194.1,6193.833,0,0.0003
10.06.2016 08:06:53.915 GMT+0100,6194.18,6193.927,0,0.0003
10.06.2016 08:06:54.475 GMT+0100,6194.2,6193.2,0,0.0009
10.06.2016 08:06:54.782 GMT+0100,6194.15,6193.15,0,0.0009
10.06.2016 08:06:54.832 GMT+0100,6194.15,6193.883,0,0.0003
10.06.2016 08:06:54.933 GMT+0100,6194.15,6193.15,0,0.0009
10.06.2016 08:06:55.002 GMT+0100,6194.24,6193.24,0,0.0009
10.06.2016 08:06:55.552 GMT+0100,6194.2,6193.9,0,0.0003
10.06.2016 08:06:56.173 GMT+0100,6194.22,6193.22,0,0.0009
10.06.2016 08:06:56.322 GMT+0100,6194.07,6193.07,0,0.0009
10.06.2016 08:06:56.542 GMT+0100,6194.1,6193.1,0,0.0009
10.06.2016 08:06:56.761 GMT+0100,6194.07,6193.07,0,0.0009
10.06.2016 08:06:57.641 GMT+0100,6194.06,6193.06,0,0.0009
10.06.2016 08:06:58.412 GMT+0100,6194.07,6193.07,0,0.0009
10.06.2016 08:06:58.901 GMT+0100,6194.27,6193.27,0,0.0009
10.06.2016 08:06:59.194 GMT+0100,6194.54,6193.8,0,0.0001
10.06.2016 08:06:59.724 GMT+0100,6195.02,6194.02,0,0.0009
10.06.2016 08:06:59.843 GMT+0100,6194.96,6193.96,0,0.0009
10.06.2016 08:07:00.062 GMT+0100,6194.97,6193.97,0,0.0009
10.06.2016 08:07:00.392 GMT+0100,6194.89,6193.89,0,0.0009
10.06.2016 08:07:00.612 GMT+0100,6194.95,6193.95,0,0.0009
10.06.2016 08:07:00.943 GMT+0100,6194.94,6194.68,0,0.0003
10.06.2016 08:07:01.252 GMT+0100,6194.92,6193.92,0,0.0009
10.06.2016 08:07:01.492 GMT+0100,6194.99,6193.99,0,0.0009
10.06.2016 08:07:01.854 GMT+0100,6194.92,6193.92,0,0.0009
10.06.2016 08:07:01.932 GMT+0100,6194.89,6193.89,0,0.0009
10.06.2016 08:07:02.155 GMT+0100,6194.9,6194.663,0,0.0003
10.06.2016 08:07:02.362 GMT+0100,6194.89,6193.89,0,0.0009
10.06.2016 08:07:02.482 GMT+0100,6194.87,6193.87,0,0.0009
10.06.2016 08:07:02.656 GMT+0100,6194.9,6194.657,0,0.0003
10.06.2016 08:07:03.073 GMT+0100,6194.99,6193.99,0,0.0009
10.06.2016 08:07:03.252 GMT+0100,6194.84,6193.84,0,0.0009
10.06.2016 08:07:03.568 GMT+0100,6194.84,6194,0,0.0001
10.06.2016 08:07:03.691 GMT+0100,6195.07,6194.07,0,0.0009
10.06.2016 08:07:03.912 GMT+0100,6195.2,6194.2,0,0.0009
10.06.2016 08:07:04.652 GMT+0100,6195.22,6194.22,0,0.0009
10.06.2016 08:07:05.012 GMT+0100,6195.17,6194.17,0,0.0009
10.06.2016 08:07:05.342 GMT+0100,6195.18,6194.18,0,0.0009
10.06.2016 08:07:05.782 GMT+0100,6195.21,6194.21,0,0.0009
10.06.2016 08:07:06.111 GMT+0100,6195.17,6194.17,0,0.0009
10.06.2016 08:07:06.332 GMT+0100,6195.19,6194.19,0,0.0009
10.06.2016 08:07:06.772 GMT+0100,6195.17,6194.17,0,0.0009
10.06.2016 08:07:07.131 GMT+0100,6195.13,6194.13,0,0.0009
10.06.2016 08:07:07.542 GMT+0100,6195.14,6194.14,0,0.0009
10.06.2016 08:07:07.651 GMT+0100,6195.12,6194.12,0,0.0009
10.06.2016 08:07:08.201 GMT+0100,6195.11,6194.11,0,0.0009
10.06.2016 08:07:08.531 GMT+0100,6195.1,6194.1,0,0.0009
10.06.2016 08:07:09.301 GMT+0100,6195.11,6194.11,0,0.0009
10.06.2016 08:07:09.852 GMT+0100,6195.13,6194.13,0,0.0009
10.06.2016 08:07:10.498 GMT+0100,6195.17,6194.17,0,0.0009
10.06.2016 08:07:10.952 GMT+0100,6194.97,6194.757,0,0.0003
10.06.2016 08:07:11.061 GMT+0100,6194.98,6194.76,0,0.0003
10.06.2016 08:07:11.284 GMT+0100,6194.98,6194,0,0.0001
10.06.2016 08:07:11.392 GMT+0100,6195.1,6194.1,0,0.0009
10.06.2016 08:07:12.052 GMT+0100,6195.14,6194.14,0,0.0009
10.06.2016 08:07:12.382 GMT+0100,6195.16,6194.16,0,0.0009
10.06.2016 08:07:14.040 GMT+0100,6195.15,6194.15,0,0.0009
10.06.2016 08:07:14.362 GMT+0100,6195.16,6194.16,0,0.0009
10.06.2016 08:07:14.911 GMT+0100,6195.32,6194.32,0,0.0009
10.06.2016 08:07:15.352 GMT+0100,6195.43,6194.43,0,0.0009
10.06.2016 08:07:16.125 GMT+0100,6195.47,6194.47,0,0.0009
10.06.2016 08:07:16.341 GMT+0100,6195.51,6194.51,0,0.0009
10.06.2016 08:07:16.917 GMT+0100,6195.41,6195.3,0,0.0003
10.06.2016 08:07:17.831 GMT+0100,6195.42,6195.24,0,0.0003
10.06.2016 08:07:18.020 GMT+0100,6195.42,6194.5,0,0.0001
10.06.2016 08:07:18.121 GMT+0100,6195.42,6195.24,0,0.0003
10.06.2016 08:07:18.211 GMT+0100,6195.79,6195.3,0,0.0003
10.06.2016 08:07:18.432 GMT+0100,6195.46,6195.253,0,0.0003
10.06.2016 08:07:18.669 GMT+0100,6195.5,6195.267,0,0.0003
10.06.2016 08:07:18.720 GMT+0100,6195.5,6195.333,0,0.0003
10.06.2016 08:07:18.982 GMT+0100,6195.74,6195.447,0,0.0003
10.06.2016 08:07:20.341 GMT+0100,6195.78,6195.427,0,0.0003
10.06.2016 08:07:20.531 GMT+0100,6195.78,6194.78,0,0.0009
10.06.2016 08:07:20.631 GMT+0100,6195.64,6194.64,0,0.0009
10.06.2016 08:07:21.201 GMT+0100,6195.89,6194.89,0,0.0009
10.06.2016 08:07:21.292 GMT+0100,6195.87,6194.87,0,0.0009
10.06.2016 08:07:21.511 GMT+0100,6195.72,6194.72,0,0.0009
10.06.2016 08:07:21.841 GMT+0100,6195.96,6194.96,0,0.0009
10.06.2016 08:07:21.892 GMT+0100,6195.96,6194.96,0,0.0009
10.06.2016 08:07:22.032 GMT+0100,6195.96,6195.687,0,0.0003
10.06.2016 08:07:22.518 GMT+0100,6195.97,6194.97,0,0.0009
10.06.2016 08:07:22.568 GMT+0100,6195.97,6195.69,0,0.0003
10.06.2016 08:07:24.624 GMT+0100,6195.9,6195.8,0,0.0003
10.06.2016 08:07:24.675 GMT+0100,6195.88,6195.78,0,0.0003
10.06.2016 08:07:24.725 GMT+0100,6196.29,6195.8,0,0.0003
10.06.2016 08:07:24.776 GMT+0100,6196.29,6195.29,0,0.0009
10.06.2016 08:07:25.031 GMT+0100,6196.37,6195.37,0,0.0009
10.06.2016 08:07:25.666 GMT+0100,6196.39,6195.39,0,0.0009
10.06.2016 08:07:26.021 GMT+0100,6196.42,6195.42,0,0.0009
10.06.2016 08:07:26.903 GMT+0100,6196.44,6195.44,0,0.0009
10.06.2016 08:07:27.561 GMT+0100,6196.4,6195.4,0,0.0009
10.06.2016 08:07:28.337 GMT+0100,6196.39,6195.39,0,0.0009
10.06.2016 08:07:28.661 GMT+0100,6196.34,6195.34,0,0.0009
10.06.2016 08:07:28.897 GMT+0100,6196.43,6195.43,0,0.0009
10.06.2016 08:07:29.683 GMT+0100,6197.17,6196.17,0,0.0009
10.06.2016 08:07:29.733 GMT+0100,6197.17,6196.17,0,0.0009
10.06.2016 08:07:29.871 GMT+0100,6197.21,6196.21,0,0.0009
10.06.2016 08:07:29.922 GMT+0100,6197.21,6196.21,0,0.0009
10.06.2016 08:07:30.203 GMT+0100,6197.39,6196.39,0,0.0009
10.06.2016 08:07:30.786 GMT+0100,6197.79,6196.79,0,0.0009
10.06.2016 08:07:30.883 GMT+0100,6197.79,6196.79,0,0.0009
10.06.2016 08:07:30.991 GMT+0100,6197.77,6196.77,0,0.0009
10.06.2016 08:07:31.432 GMT+0100,6197.76,6196.76,0,0.0009
10.06.2016 08:07:32.001 GMT+0100,6197.77,6196.77,0,0.0009
10.06.2016 08:07:33.025 GMT+0100,6197.95,6196.95,0,0.0009
10.06.2016 08:07:33.301 GMT+0100,6197.94,6196.94,0,0.0009
10.06.2016 08:07:33.362 GMT+0100,6197.94,6197.8,0,0.0003
10.06.2016 08:07:33.413 GMT+0100,6197.94,6197.747,0,0.0003
10.06.2016 08:07:33.523 GMT+0100,6198.01,6197.77,0,0.0003
10.06.2016 08:07:33.574 GMT+0100,6198.1,6197.837,0,0.0003
10.06.2016 08:07:33.664 GMT+0100,6198.01,6197.77,0,0.0003
10.06.2016 08:07:34.168 GMT+0100,6197.99,6197,0,0.0001
10.06.2016 08:07:34.401 GMT+0100,6198.06,6197.06,0,0.0009
10.06.2016 08:07:34.733 GMT+0100,6198.2,6197.2,0,0.0009
10.06.2016 08:07:35.061 GMT+0100,6198.41,6197.41,0,0.0009
10.06.2016 08:07:35.372 GMT+0100,6198.43,6197.43,0,0.0009
10.06.2016 08:07:35.723 GMT+0100,6198.52,6198.273,0,0.0003
10.06.2016 08:07:36.226 GMT+0100,6198.44,6198.247,0,0.0003
10.06.2016 08:07:36.276 GMT+0100,6198.44,6198,0,0.0003
10.06.2016 08:07:36.327 GMT+0100,6198.2,6198,0,0.0003
10.06.2016 08:07:36.377 GMT+0100,6198.2,6197.8,0,0.0003
10.06.2016 08:07:36.428 GMT+0100,6198.2,6197.8,0,0.0003
10.06.2016 08:07:36.529 GMT+0100,6197.96,6197,0,0.0001
10.06.2016 08:07:36.831 GMT+0100,6198.02,6197.02,0,0.0009
10.06.2016 08:07:36.932 GMT+0100,6198.02,6197.4,0,0.0001
10.06.2016 08:07:37.165 GMT+0100,6198.35,6197.4,0,0.0001
10.06.2016 08:07:37.381 GMT+0100,6198.29,6197.4,0,0.0001
10.06.2016 08:07:37.731 GMT+0100,6198.72,6197.72,0,0.0009
10.06.2016 08:07:37.931 GMT+0100,6198.7,6197.7,0,0.0009
10.06.2016 08:07:38.015 GMT+0100,6198.7,6197.7,0,0.0013
10.06.2016 08:07:38.151 GMT+0100,6198.73,6197.73,0,0.0009
10.06.2016 08:07:38.841 GMT+0100,6199.05,6198.05,0,0.0009
10.06.2016 08:07:39.251 GMT+0100,6198.99,6198.797,0,0.0003
10.06.2016 08:07:39.302 GMT+0100,6198.99,6198.1,0,0.0001
10.06.2016 08:07:39.486 GMT+0100,6198.99,6198.797,0,0.0003
10.06.2016 08:07:39.581 GMT+0100,6199.01,6198.8,0,0.0003
10.06.2016 08:07:39.632 GMT+0100,6199.1,6199,0,0.0003
10.06.2016 08:07:39.802 GMT+0100,6198.97,6197.97,0,0.0009
10.06.2016 08:07:40.021 GMT+0100,6198.98,6197.98,0,0.0009
10.06.2016 08:07:40.461 GMT+0100,6199.01,6198.01,0,0.0009
10.06.2016 08:07:40.524 GMT+0100,6199.01,6198.01,0,0.0009
10.06.2016 08:07:40.789 GMT+0100,6199.1,6198.837,0,0.0003
10.06.2016 08:07:41.873 GMT+0100,6199.03,6198.777,0,0.0003
10.06.2016 08:07:42.253 GMT+0100,6198.95,6198.75,0,0.0003
10.06.2016 08:07:42.504 GMT+0100,6198.95,6198,0,0.0001
10.06.2016 08:07:42.696 GMT+0100,6198.95,6198.75,0,0.0003
10.06.2016 08:07:42.992 GMT+0100,6199.01,6198.77,0,0.0003
10.06.2016 08:07:43.283 GMT+0100,6198.92,6198.74,0,0.0003
10.06.2016 08:07:43.398 GMT+0100,6198.92,6198,0,0.0001
10.06.2016 08:07:43.549 GMT+0100,6198.83,6198,0,0.0001
10.06.2016 08:07:43.906 GMT+0100,6199.43,6198.43,0,0.0009
10.06.2016 08:07:44.091 GMT+0100,6199.27,6198.27,0,0.0009
10.06.2016 08:07:44.343 GMT+0100,6199.27,6198.5,0,0.0001
10.06.2016 08:07:44.421 GMT+0100,6199.34,6198.5,0,0.0001
10.06.2016 08:07:44.641 GMT+0100,6199.41,6198.5,0,0.0001
10.06.2016 08:07:44.862 GMT+0100,6199.3,6198.5,0,0.0001
10.06.2016 08:07:45.081 GMT+0100,6199.42,6198.5,0,0.0001
10.06.2016 08:07:45.146 GMT+0100,6199.42,6198.42,0,0.0009
10.06.2016 08:07:45.305 GMT+0100,6199.42,6199.207,0,0.0003
10.06.2016 08:07:45.741 GMT+0100,6199.33,6199.177,0,0.0003
10.06.2016 08:07:46.071 GMT+0100,6199.34,6199.18,0,0.0003
10.06.2016 08:07:46.514 GMT+0100,6199.34,6198.4,0,0.0001
10.06.2016 08:07:47.100 GMT+0100,6199.7,6198.7,0,0.0009
10.06.2016 08:07:47.151 GMT+0100,6199.7,6198.7,0,0.0009
10.06.2016 08:07:47.401 GMT+0100,6199.61,6198.61,0,0.0009
10.06.2016 08:07:47.457 GMT+0100,6199.61,6199.5,0,0.0001
10.06.2016 08:07:47.732 GMT+0100,6199.7,6199.5,0,0.0001
10.06.2016 08:07:48.175 GMT+0100,6200.3,6199.5,0,0.0001
10.06.2016 08:07:48.281 GMT+0100,6200.39,6199.39,0,0.0009
10.06.2016 08:07:48.623 GMT+0100,6200.4,6200.163,0,0.0003
10.06.2016 08:07:48.993 GMT+0100,6200.41,6200.237,0,0.0003
10.06.2016 08:07:49.287 GMT+0100,6200.46,6200.253,0,0.0003
10.06.2016 08:07:49.381 GMT+0100,6200.49,6200.263,0,0.0003
10.06.2016 08:07:49.432 GMT+0100,6200.49,6199.5,0,0.0001
10.06.2016 08:07:49.483 GMT+0100,6200.49,6199.6,0,0.0001
10.06.2016 08:07:49.711 GMT+0100,6200.57,6199.6,0,0.0001
10.06.2016 08:07:49.762 GMT+0100,6200.57,6200.3,0,0.0003
10.06.2016 08:07:50.130 GMT+0100,6200.6,6200.357,0,0.0003
10.06.2016 08:07:50.763 GMT+0100,6200.76,6200.3,0,0.0003
10.06.2016 08:07:50.834 GMT+0100,6200.76,6200.42,0,0.0003
10.06.2016 08:07:52.541 GMT+0100,6200.66,6199.66,0,0.0009
10.06.2016 08:07:52.681 GMT+0100,6200.61,6199.61,0,0.0009
10.06.2016 08:07:53.122 GMT+0100,6200.64,6199.64,0,0.0009
10.06.2016 08:07:53.445 GMT+0100,6200.64,6200.28,0,0.0003
10.06.2016 08:07:53.671 GMT+0100,6200.29,6199.4,0,0.0001
10.06.2016 08:07:54.299 GMT+0100,6200.32,6199.4,0,0.0001
10.06.2016 08:07:54.389 GMT+0100,6200.32,6199.5,0,0.0001
10.06.2016 08:07:54.771 GMT+0100,6200.43,6200.243,0,0.0003
10.06.2016 08:07:55.809 GMT+0100,6200.47,6200.257,0,0.0003
10.06.2016 08:07:55.862 GMT+0100,6200.9,6200.8,0,0.0003
10.06.2016 08:07:55.913 GMT+0100,6200.9,6200.8,0,0.0003
10.06.2016 08:07:56.655 GMT+0100,6200.84,6199.84,0,0.0009
10.06.2016 08:07:56.751 GMT+0100,6201.16,6200.16,0,0.0009
10.06.2016 08:07:57.203 GMT+0100,6201.11,6200.11,0,0.0009
10.06.2016 08:07:57.521 GMT+0100,6201.06,6200.1,0,0.0001
10.06.2016 08:07:57.741 GMT+0100,6201.11,6200.11,0,0.0009
10.06.2016 08:07:58.071 GMT+0100,6201.08,6200.1,0,0.0001
10.06.2016 08:07:58.561 GMT+0100,6201.05,6200.8,0,0.0003
10.06.2016 08:07:58.839 GMT+0100,6201.07,6200.8,0,0.0003
10.06.2016 08:07:59.362 GMT+0100,6201.1,6200.89,0,0.0003
10.06.2016 08:07:59.463 GMT+0100,6201.07,6200.1,0,0.0001
10.06.2016 08:07:59.513 GMT+0100,6201.29,6200.29,0,0.0009
10.06.2016 08:07:59.811 GMT+0100,6201.49,6200.49,0,0.0009
10.06.2016 08:08:00.051 GMT+0100,6201.39,6200.4,0,0.0001
10.06.2016 08:08:00.520 GMT+0100,6201.35,6200.4,0,0.0001
10.06.2016 08:08:00.866 GMT+0100,6201.57,6200.57,0,0.0009
10.06.2016 08:08:01.262 GMT+0100,6201.62,6200.62,0,0.0009
10.06.2016 08:08:01.671 GMT+0100,6201.66,6200.66,0,0.0009
10.06.2016 08:08:02.226 GMT+0100,6202.13,6201.13,0,0.0009
10.06.2016 08:08:02.277 GMT+0100,6202.06,6201.06,0,0.0009
10.06.2016 08:08:02.581 GMT+0100,6202.14,6201.14,0,0.0009
10.06.2016 08:08:02.911 GMT+0100,6202.1,6201.1,0,0.0009
10.06.2016 08:08:03.131 GMT+0100,6202.14,6201.14,0,0.0009
10.06.2016 08:08:03.574 GMT+0100,6202.17,6201.17,0,0.0009
10.06.2016 08:08:03.726 GMT+0100,6202.02,6201.02,0,0.0009
10.06.2016 08:08:03.777 GMT+0100,6202.1,6201.84,0,0.0003
10.06.2016 08:08:04.378 GMT+0100,6202.02,6201.773,0,0.0003
10.06.2016 08:08:04.451 GMT+0100,6201.99,6201.763,0,0.0003
10.06.2016 08:08:04.950 GMT+0100,6201.93,6201.743,0,0.0003
10.06.2016 08:08:05.001 GMT+0100,6202,6201.767,0,0.0003
10.06.2016 08:08:05.332 GMT+0100,6201.94,6201.747,0,0.0003
10.06.2016 08:08:05.682 GMT+0100,6201.93,6201.5,0,0.0003
10.06.2016 08:08:05.881 GMT+0100,6201.52,6201.42,0,0.0003
10.06.2016 08:08:06.284 GMT+0100,6201.5,6200.5,0,0.0013
10.06.2016 08:08:06.335 GMT+0100,6201.54,6200.54,0,0.0009
10.06.2016 08:08:06.651 GMT+0100,6201.66,6200.66,0,0.0009
10.06.2016 08:08:06.871 GMT+0100,6201.62,6200.62,0,0.0009
10.06.2016 08:08:07.087 GMT+0100,6201.62,6201.373,0,0.0003
10.06.2016 08:08:08.475 GMT+0100,6201.6,6200.6,0,0.0009
10.06.2016 08:08:08.741 GMT+0100,6201.57,6200.57,0,0.0009
10.06.2016 08:08:08.792 GMT+0100,6201.57,6201.29,0,0.0003
10.06.2016 08:08:09.114 GMT+0100,6201.36,6201.187,0,0.0003
10.06.2016 08:08:09.841 GMT+0100,6201.35,6201.183,0,0.0003
10.06.2016 08:08:10.171 GMT+0100,6201.36,6201.187,0,0.0003
10.06.2016 08:08:10.721 GMT+0100,6201.25,6200.4,0,0.0001
10.06.2016 08:08:11.161 GMT+0100,6201.24,6200.4,0,0.0001
10.06.2016 08:08:11.474 GMT+0100,6201.23,6200.943,0,0.0003
10.06.2016 08:08:12.578 GMT+0100,6201.17,6200.89,0,0.0003
10.06.2016 08:08:12.801 GMT+0100,6201.18,6200.8,0,0.0003
10.06.2016 08:08:13.081 GMT+0100,6201.07,6200.757,0,0.0003
10.06.2016 08:08:13.908 GMT+0100,6200.86,6200.687,0,0.0003
10.06.2016 08:08:14.042 GMT+0100,6200.74,6199.9,0,0.0001
10.06.2016 08:08:14.241 GMT+0100,6200.75,6199.9,0,0.0001
10.06.2016 08:08:14.461 GMT+0100,6200.74,6199.9,0,0.0001
10.06.2016 08:08:14.791 GMT+0100,6200.34,6200.22,0,0.0003
10.06.2016 08:08:15.117 GMT+0100,6200.15,6199.3,0,0.0001
10.06.2016 08:08:15.231 GMT+0100,6200.18,6199.3,0,0.0001
10.06.2016 08:08:15.288 GMT+0100,6200.18,6199.5,0,0.0001
10.06.2016 08:08:15.561 GMT+0100,6200.19,6199.5,0,0.0001
10.06.2016 08:08:16.001 GMT+0100,6200.62,6199.62,0,0.0009
10.06.2016 08:08:16.331 GMT+0100,6200.61,6199.61,0,0.0009
10.06.2016 08:08:16.661 GMT+0100,6200.72,6199.72,0,0.0009
10.06.2016 08:08:17.389 GMT+0100,6200.73,6199.73,0,0.0009
10.06.2016 08:08:17.815 GMT+0100,6200.88,6199.88,0,0.0009
10.06.2016 08:08:17.921 GMT+0100,6201.17,6200.17,0,0.0009
10.06.2016 08:08:18.205 GMT+0100,6201.23,6200.23,0,0.0009
10.06.2016 08:08:18.420 GMT+0100,6201.16,6200.16,0,0.0009
10.06.2016 08:08:18.751 GMT+0100,6201.17,6200.17,0,0.0009
10.06.2016 08:08:19.080 GMT+0100,6201.3,6200.3,0,0.0009
10.06.2016 08:08:19.351 GMT+0100,6201.27,6200.27,0,0.0009
10.06.2016 08:08:19.906 GMT+0100,6201.27,6200.6,0,0.0001
10.06.2016 08:08:20.410 GMT+0100,6201.95,6201.8,0,0.0003
10.06.2016 08:08:20.461 GMT+0100,6201.94,6201.68,0,0.0003
10.06.2016 08:08:21.441 GMT+0100,6201.96,6200.96,0,0.0009
10.06.2016 08:08:21.526 GMT+0100,6201.96,6201.687,0,0.0003
10.06.2016 08:08:22.022 GMT+0100,6201.99,6201,0,0.0001
10.06.2016 08:08:22.088 GMT+0100,6202.09,6201.09,0,0.0009
10.06.2016 08:08:22.189 GMT+0100,6202.06,6201.06,0,0.0009
10.06.2016 08:08:22.431 GMT+0100,6202.1,6201.853,0,0.0003
10.06.2016 08:08:22.762 GMT+0100,6202.1,6201.1,0,0.0009
10.06.2016 08:08:23.040 GMT+0100,6202.2,6201.2,0,0.0009
10.06.2016 08:08:23.590 GMT+0100,6202.15,6201.883,0,0.0003
10.06.2016 08:08:23.861 GMT+0100,6202.17,6201.17,0,0.0009
10.06.2016 08:08:23.936 GMT+0100,6202.17,6201.89,0,0.0003
10.06.2016 08:08:25.697 GMT+0100,6204.05,6202.517,0.0013,0.0002
10.06.2016 08:08:26.105 GMT+0100,6202.12,6201.873,0.0013,0.0003
10.06.2016 08:08:27.444 GMT+0100,6202.1,6201.8,0,0.0003
10.06.2016 08:08:27.561 GMT+0100,6202.01,6201.77,0,0.0003
10.06.2016 08:08:27.946 GMT+0100,6201.98,6201,0,0.0001
10.06.2016 08:08:28.046 GMT+0100,6201.98,6201.76,0,0.0003
10.06.2016 08:08:28.111 GMT+0100,6202.01,6201.77,0,0.0003
10.06.2016 08:08:28.161 GMT+0100,6202.1,6201.837,0,0.0003
10.06.2016 08:08:28.247 GMT+0100,6202.01,6201.77,0,0.0003
10.06.2016 08:08:28.331 GMT+0100,6201.96,6201.753,0,0.0003
10.06.2016 08:08:28.991 GMT+0100,6201.86,6201.72,0,0.0003
10.06.2016 08:08:29.321 GMT+0100,6201.82,6201.707,0,0.0003
10.06.2016 08:08:29.651 GMT+0100,6201.82,6201,0,0.0001
10.06.2016 08:08:29.751 GMT+0100,6201.9,6201.707,0,0.0003
10.06.2016 08:08:29.801 GMT+0100,6201.84,6201.713,0,0.0003
10.06.2016 08:08:30.277 GMT+0100,6201.88,6201.727,0,0.0003
10.06.2016 08:08:30.327 GMT+0100,6201.8,6201.7,0,0.0003
10.06.2016 08:08:30.530 GMT+0100,6201.84,6201.713,0,0.0003
10.06.2016 08:08:30.754 GMT+0100,6201.84,6201,0,0.0001
10.06.2016 08:08:31.081 GMT+0100,6201.99,6201,0,0.0001
10.06.2016 08:08:31.155 GMT+0100,6201.99,6201.763,0,0.0003
10.06.2016 08:08:31.520 GMT+0100,6201.93,6201.743,0,0.0003
10.06.2016 08:08:31.851 GMT+0100,6201.77,6201,0,0.0001
10.06.2016 08:08:32.353 GMT+0100,6201.77,6200.77,0,0.0009
10.06.2016 08:08:32.557 GMT+0100,6201.77,6201.49,0,0.0003
10.06.2016 08:08:32.950 GMT+0100,6201.65,6201.45,0,0.0003
10.06.2016 08:08:33.270 GMT+0100,6201.68,6201.46,0,0.0003
10.06.2016 08:08:33.321 GMT+0100,6201.68,6201.3,0,0.0003
10.06.2016 08:08:33.686 GMT+0100,6201.44,6201.3,0,0.0003
10.06.2016 08:08:33.738 GMT+0100,6201.46,6201.253,0,0.0003
10.06.2016 08:08:34.161 GMT+0100,6201.39,6201.23,0,0.0003
10.06.2016 08:08:34.381 GMT+0100,6201.22,6200.5,0,0.0001
10.06.2016 08:08:34.662 GMT+0100,6201.22,6200.8,0,0.0003
10.06.2016 08:08:35.009 GMT+0100,6201.18,6200.8,0,0.0003
10.06.2016 08:08:35.764 GMT+0100,6200.95,6200,0,0.0001
10.06.2016 08:08:36.030 GMT+0100,6201.08,6200.08,0,0.0009
10.06.2016 08:08:36.361 GMT+0100,6201.1,6200.1,0,0.0009
10.06.2016 08:08:36.736 GMT+0100,6201.09,6200.797,0,0.0003
10.06.2016 08:08:37.350 GMT+0100,6200.84,6200.713,0,0.0003
10.06.2016 08:08:37.619 GMT+0100,6200.87,6200.69,0,0.0003
10.06.2016 08:08:37.791 GMT+0100,6200.86,6200.687,0,0.0003
10.06.2016 08:08:38.120 GMT+0100,6200.84,6200.68,0,0.0003
10.06.2016 08:08:38.561 GMT+0100,6200.8,6200.667,0,0.0003
10.06.2016 08:08:38.671 GMT+0100,6200.8,6199.9,0,0.0001
